2880 4950
389 1351 721 1428 ARGVllENTVll
750 1351 1068 1426 THEOGONIAE.

628 1554 827 1564 *-

202 1696 224 1752 1.
266 1694 388 1753 1-115.
465 1691 644 1749 Prooemium
685 1691 833 1751 continens
857 1692 977 1750 Hesiodi
1009 1692 1145 1767 hymnum
1176 1690 1206 1746 in
1231 1689 1331 1746 Musas

125 1786 177 1862 (vs.
203 1789 290 1845 1-4
315 1786 441 1844 22—35
465 1784 588 1845 36-51
616 1784 743 1844 68-74
768 1785 904 1844 81-93.
933 1784 1001 1860 104)
1027 1803 1090 1840 cum
1121 1783 1178 1840 alio
1203 1781 1329 1840 eiusdem

124 1880 284 1956 argumenti
304 1878 428 1936 carmine
448 1878 531 1954 (val
551 1881 569 1936 2
589 1880 682 1937 5-21
704 1879 819 1938 53—64
838 1878 953 1938 75—80
971 1876 1117 1954 94—103)
1138 1874 1331 1947 coniunctum,

124 1973 202 2049 quod
215 1971 331 2030 alternis
344 1970 471 2029 versibus
490 1971 543 2029 sub
564 1961 667 2028 aemuli
686 1989 818 2048 persona,
839 1970 976 2029 Chalcide
995 1970 1030 2028 ab
1044 1970 1173 2027 Hesiodo
1187 1967 1332 2048 quondam

124 2065 190 2123 victi
206 2057 303 2142 (Ἔργ.
314 2063 394 2141 655),
410 2063 554 2122 addidisse
567 2064 678 2122 videtur
691 2064 799 2141 primus
812 2057 997 2140 Theogoniae
1012 2064 1191 2141 compositor.
1213 2062 1333 2121 Accedit

126 2158 251 2216 eiusdem
272 2177 358 2215 manu
379 2156 547 2215 concinnata
566 2157 697 2217 transitio
717 2157 754 2215 ad
774 2157 864 2234 ipsam
886 2155 1082 2234 Theogoniam
1104 2154 1293 2233 (105-115).

202 2252 240 2309 11.
282 2253 443 2311 116—210.
483 2250 617 2327 Sequitur
637 2268 750 2308 carmen
761 2248 937 2308 Hesiodeum
958 2249 994 2307 de
1006 2247 1116 2326 origine
1128 2247 1229 2307 mundi
1247 2257 1333 2325 atque

125 2344 290 2418 numinum,
316 2343 412 2403 Chaos
439 2351 467 2402 et
487 2345 620 2418 Terram,
644 2343 768 2401 Erebum
793 2350 879 2419 atque
904 2342 1039 2416 Noctem,
1064 2342 1145 2402 Coeli
1170 2343 1333 2418 Terraeque

126 2437 305 2517 progeniem,
326 2437 443 2496 Titanes
468 2437 605 2511 maxime,
633 2437 756 2514 denique
776 2434 890 2494 Saturni
911 2436 1073 2512 Terraeque
1093 2443 1192 2495 contro
1211 2435 1332 2495 Coelum
1406 2472 1414 2478 -

127 2530 244 2590 consilia
270 2530 407 2606 Coelique
432 2530 628 2588 castrationem
656 2527 827 2588 describens.
867 2527 997 2587 Alienam
1023 2528 1070 2586 hic
1096 2549 1211 2588 manum
1235 2527 1333 2606 prodit

126 2645 184 2684 oon
204 2624 295 2683 solum
312 2623 436 2682 narratio
457 2623 492 2681 de
512 2622 620 2700 origine
632 2620 750 2680 Veneris
763 2620 953 2697 (me—206),
973 2621 1121 2681 sedetiam
1136 2621 1332 2680 versatissimus

127 2728 220 2777 vetere
241 2716 459 2794 interpolatione
478 2715 558 2774 locus
578 2715 614 2773 de
634 2714 808 2793 Cyclopibus
828 2723 856 2773 et
875 2714 1093 2773 Hecatonchiris
1114 2714 1303 2791 (139-153).

202 2812 256 2870 ΙΙΙ.
296 2812 457 2870 211-232.
498 2809 632 2886 Sequitur
644 2807 745 2866 Noctis
765 2807 923 2884 progenies,
944 2807 1092 2885 multiplex
1112 2815 1140 2866 et
1154 2825 1333 2880 aerumnosa,

127 2924 201 2983 quae
220 2903 334 2982 quidem
358 2901 482 2960 narratio
505 2920 563 2959 non
586 2901 677 2960 solum
701 2900 871 2978 interpolata
892 2919 963 2973 esse,
983 2899 1033 2958 sed
1053 2899 1136 2960 etiam
1162 2899 1330 2959 deteriorem

127 3006 247 3058 aetatem
267 2995 388 3076 prodere
408 2994 478 3053 mihi
498 2994 617 3054 ridetur.

203 3091 251 3149 IV.
273 3090 307 3148 V.
347 3090 508 3173 233-336.
549 3089 684 3166 Sequitur
709 3089 794 3148 Ponti
819 3088 936 3164 eiusque
961 3087 1129 3161 liberorum,
1160 3090 1245 3149 Nerei
1271 3091 1333 3169 (IV

127 3182 292 3259 233-264)
314 3181 503 3241 Thaumantis
523 3182 702 3260 (aee—269)
722 3190 807 3258 atque
827 3181 984 3258 Phorcynis
1004 3181 1051 3257 (V.
1072 3183 1249 3261 ato—336),
1266 3203 1333 3261 pro·

126 3276 231 3354 genies.
270 3275 391 3335 Excellit
409 3276 440 3333 in
458 3275 513 3333 hac
533 3276 658 3334 sectione
678 3274 834 3334 Nereidum
860 3272 1019 3350 catalogus,
1038 3275 1224 3337 Homericum
1242 3296 1334 3355 genus
1388 3264 1391 3275 ’

129 3369 241 3428 dicendi
260 3369 370 3447 spirans
385 3370 579 3446 (alo-264);
600 3369 710 3429 fabulas
730 3377 824 3426 autem
841 3366 878 3424 ad
890 3385 981 3442 genus
994 3367 1152 3448 Phorcynis
1172 3377 1332 3448 spectantes

128 3463 194 3522 inde
219 3482 236 3519 a
260 3481 343 3519 versu
369 3464 425 3521 276
450 3482 467 3519 a
491 3461 583 3539 primo
611 3461 801 3540 compositore
828 3459 1012 3536 Theogoniae
1039 3461 1151 3521 additas
1177 3483 1270 3541 neque
1295 3465 1332 3523 ab

128 3553 394 3634 interpolationibus
413 3554 535 3631 posteris
554 3554 657 3613 liberas
677 3574 738 3614 esse
758 3562 885 3632 apparet.

205 3649 255 3707 VI.
274 3649 337 3707 Vll.
367 3649 528 3709 337-413.
559 3647 693 3705 Titanum
710 3647 934 3723 Titanidumque
947 3645 1160 3723 nominaatque
1173 3648 1331 3724 progenies,

129 3740 267 3816 incipiens
295 3741 331 3797 ab
352 3741 460 3800 Oceani
485 3739 591 3798 liberis.
631 3742 709 3799 Inest
732 3738 894 3799 Fluminum
922 3739 1157 3817 Oceanidumque
1186 3741 1332 3820 catalogus

130 3834 191 3910 (VI.
212 3832 393 3908 337—370),
417 3834 466 3910 qui
492 3833 640 3893 deterioris
665 3833 765 3892 aetatis
791 3852 866 3907 esse,
891 3833 1072 3909 narratioque
1093 3832 1129 3891 de
1149 3832 1235 3910 Styge
1255 3834 1331 3912 (VII.

129 3927 304 4002 389-403),
329 3944 412 4001 quae,
437 3946 598 4004 quanquam
618 3927 735 4005 antiqua
755 3927 835 4004 poesi
856 3926 978 4004 dignior,
998 3947 1015 3984 a
1034 3926 1226 4004 compilatoris
1245 3948 1332 3987 manu

130 4021 238 4098 etipsa
258 4019 384 4097 prosecta
405 4037 465 4078 esse
485 4019 604 4078 videtur.
1393 4007 1397 4015 ’

204 4113 283 4171 VIII.
322 4115 484 4172 411-452.
524 4111 656 4188 Hymnus
674 4113 704 4170 in
716 4113 845 4172 Hecaten
865 4112 912 4170 hic
931 4111 1063 4185 insertus,
1077 4111 1254 4172 Onomacriti
1274 4114 1332 4172 sive

129 4206 254 4284 aequalis
274 4206 328 4283 ipsi
348 4213 449 4282 poetae
468 4224 582 4263 manum
602 4206 742 4282 prodenS,
762 4204 876 4265 alternis
896 4204 1023 4263 versibus
1044 4204 1214 4267 subornatus
1234 4214 1330 4266 estex

130 4302 217 4359 altera
236 4299 399 4357 recensione
417 4297 561 4376 prosectis.

206 4394 256 4450 IX.
296 4393 458 4453 453-506.
499 4391 631 4449 Narratio
656 4391 691 4449 de
712 4392 833 4451 Saturno
861 4400 946 4469 atque
966 4391 1046 4450 lthca
1073 4397 1213 4466 partuque
1237 4391 1333 4462 Jovis;

129 4507 238 4544 annexa
254 4496 296 4544 cst
315 4487 350 4545 ab
371 4486 427 4543 alia
446 4505 531 4543 manu
553 4486 730 4561 (nor-506)
751 4487 880 4544 liberatio
901 4485 1067 4562 Cyclopum.
