2880 4950
672 196 885 261 ‚13-

254 370 406 468 ήματίαι
432 366 644 454 σπεύδουσι,
670 362 809 438 τιθεῖσί
832 393 870 437 τε
896 364 1005 461 κηρία
1031 365 1154 453 λευκά,

255 493 290 565 οἱ
316 488 354 562 δ’
382 489 535 562 ἔντοσθε
560 484 730 579 μένοντες
756 481 955 579 ἐπηρεφέας
978 483 1072 556 κατά
1102 481 1294 579 σίμβλους,

255 604 458 701 ἀλλοτρίων
481 600 651 697 κάματον
677 601 855 700 σφετέρην
881 604 916 682 ἔς
936 599 1087 700 γαστέρ’
1116 599 1300 696 ἀμῷνταν
1374 659 1379 664 .

194 746 244 799 εοο
259 726 308 806 ὣς
335 722 360 798 δ
364 723 375 748 ³
404 722 525 802 αύτως
552 719 724 817 άνδρεσσι
749 719 865 795 κακὸν
890 721 1063 813 θνητοῖσι
1087 723 1269 819 γυναῖκας

258 843 351 923 Ζεύς
376 837 625 938 ὑψιβρεμέτης
650 841 757 933 θῆκε,
785 835 963 932 ξυνήονας
988 837 1108 937 ἔργων

258 958 460 1061 ἀργαλέων.
502 958 626 1053 ἔτερον
650 953 692 1028 δὲ
716 953 828 1052 πόρεν
851 954 967 1030 κακὸν
992 953 1075 1029 ἀντ’
1102 953 1285 1055 ἀγαθοῖο·

258 1079 298 1162 ός
322 1105 363 1149 κε
387 1071 513 1176 γάμον
538 1071 690 1174 φεύγων
714 1071 777 1145 καὶ
802 1073 966 1170 μέρμερα
991 1073 1080 1172 ἔργα
1104 1080 1305 1172 γυναικοῖν,

258 1194 310 1292 μὴ
334 1200 449 1294 γήμαι
476 1191 597 1284 ε’θέλη,
624 1189 732 1264 ὀλοόν
757 1188 795 1263 δ’
823 1188 882 1262 ἐπὶ
903 1195 1019 1289 γήρας
1043 1192 1176 1284 ἵκηται,
1284 1211 1289 1217 ’

198 1335 248 1386 6⁰5
259 1309 360 1408 χήτει
384 1306 621 1412 γηροκόμοιο,
646 1307 708 1408 ὅγ’
735 1306 780 1379 οὑ
805 1305 939 1404 βίοτον
964 1307 1131 1406 ἐπιδευής

261 1428 357 1522 ζαίει,
384 1424 649 1525 ἀποφθιμένου
676 1421 716 1499 δὲ
742 1424 804 1498 διά
831 1431 959 1519 κτῆσιν
975 1426 1179 1522 δατέονται

256 1544 457 1643 χηρωσταί.
499 1537 529 1640 ῷ
551 1541 577 1616 δ
581 1541 592 1567 ³
616 1537 705 1614 αὑτε
729 1539 854 1642 γάμου
880 1542 973 1638 μετὰ
999 1550 1114 1643 μοῖρα
1138 1545 1298 1645 γένηται,

258 1661 392 1758 κεδνὴν
415 1659 455 1735 δ’
481 1662 585 1754 ἔσχεν
609 1661 763 1751 ἄκοιτιν,
790 1660 974 1759 ἀρηρυῖαν
997 1661 1231 1760 πραπίδεσσι,

258 1789 312 1856 τῷ
337 1780 383 1854 δέ
403 1778 441 1852 τ’
469 1777 536 1851 ἀπ’
564 1783 697 1862 αἰῶνος
718 1777 835 1853 κακὸν
860 1781 985 1876 ἐσθλῷ
1011 1779 1232 1879 ἀντιφερίζει

198 1921 249 1973 οιθ
263 1902 434 1996 ἔμμεναι·
461 1897 501 1978 ὃς
527 1895 573 1969 δέ
593 1924 632 1969 κε
657 1897 769 1991 τέτμη
795 1895 1015 1995 ἀταρτηροῖο
1039 1899 1228 1998 γενέθλης,

262 2014 347 2108 ζοόει
370 2015 425 2091 ε’νὶ
451 2011 650 2108 στήθεσσιν
677 2015 773 2107 ἔχων
798 2013 975 2090 ἀλίαστον
1000 2015 1109 2111 ἀνίην

259 2140 376 2232 θυμῷ
401 2129 465 2207 καὶ
488 2130 635 2227 κραδίη,
660 2129 724 2204 καὶ
749 2128 951 2225 ἀνήκεστον
974 2132 1089 2208 κακόν
1115 2137 1223 2208 ἔστιν.
1333 2212 1340 2220 ,

323 2398 388 2483 Ὣς
409 2397 470 2469 οὑκ
492 2397 563 2469 ἔστι
585 2402 672 2481 Διὸς
692 2404 820 2495 κλέψαι
837 2402 915 2472 νόον
938 2402 1017 2474 οὐδὲ
1040 2411 1235 2495 παρελθεῖν.

265 2502 344 2574 οὐδὲ
365 2503 428 2592 γάρ
448 2498 690 2590 Ἰαπετιονίδης
711 2501 861 2594 ἀνοίκητα
882 2508 1088 2595 Προμηθεύς
1165 2575 1168 2579 ,

201 2603 337 2682 οιετοῖό
358 2602 393 2694 γ’
416 2599 602 2693 ὑπεξήλυξε
622 2606 727 2693 βαρὺν
746 2604 856 2689 χόλον,
880 2604 956 2676 ἀλλ’
972 2605 1040 2696 ὑπ’
1065 2606 1206 2697 ἀνάγκης

262 2709 320 2776 καὶ
340 2703 519 2793 πολύιδριν
538 2699 638 2776 ἐ’όντα
659 2708 764 2797 μέγας
785 2708 870 2776 κατὰ
892 2710 1015 2793 δεσμός
1037 2709 1156 2798 ἐρύκει.

182 3090 232 3149 XI.

329 3177 535 3278 Ὀβριάρεφ
561 3179 586 3253 δ
589 3178 600 3203 ’
627 3179 678 3262 ιός
702 3186 831 3278 πραῖτα
857 3181 977 3279 πατὴρ
1003 3182 1199 3260 ὠδύσσατο
1226 3191 1350 3287 θυμῷ

259 3296 391 3395 Κόττῳ
416 3297 455 3370 τ’
479 3295 545 3392 ήδὲ
571 3303 608 3369 Γ
604 3295 663 3389 ύη,
689 3297 777 3393 δῆσε
802 3307 967 3397 κρατερῷ
993 3300 1047 3375 ἔνῖ
1072 3302 1211 3401 δεσμῷ,

257 3414 412 3514 ἠνορέην
436 3413 642 3512 ὑπέροπλον
667 3412 856 3516 ἀγαίμενος
881 3415 947 3512 ήδὲ
970 3418 1034 3492 καὶ
1059 3419 1154 3502 εἶδος

196 3532 324 3608 εκοκαῖ
345 3532 522 3635 μέγεθος·
546 3533 746 3607 κατένασσε
772 3533 810 3607 δ’
838 3534 911 3609 ὑπὸ
933 3538 1076 3631 χθονός
1100 3539 1326 3638 εὐρυοδείης.

259 3649 344 3728 ἔνθ’
372 3650 447 3752 οἵγ’
474 3649 577 3751 ἄλγε’
605 3651 747 3744 ἔχοντες
770 3652 843 3726 ὑπὸ
864 3655 982 3748 χθονὶ
1006 3656 1235 3742 ναιετάοντες

258 3767 355 3844 εἵατ’
381 3768 443 3842 ἐπ’
470 3772 617 3863 ἐσχατιῇ
642 3767 800 3870 μεγάλης
823 3775 863 3847 ἐν
885 3772 1031 3873 πείρασι
1054 3776 1175 3876 γαίης,

257 3885 360 3982 δηθά
386 3884 490 3982 μάλ’,
517 3884 730 3982 ἀχνύμενοι,
755 3889 889 3986 κραδίῃ
912 3891 1008 3993 μέγα
1033 3895 1171 3977 πένθος
1196 3897 1356 3990 ἔχοντες.

253 4002 345 4077 ἀλλά
371 4031 485 4101 σφεας
510 4005 693 4102 Κρονίδης
718 4035 756 4079 τε
782 4007 844 4080 καὶ
869 4007 1056 4086 ἀθάνατοι
1081 4013 1166 4085 θεοὶ
1192 4014 1312 4108 ἄλλοι,

193 4144 243 4193 ωε
259 4123 323 4204 οὑς
347 4121 449 4196 τέκεν
473 4117 634 4217 ἠύκομος

255 4240 368 4336 Γαίης
395 4238 702 4337 φραδμοσύνῃσιν
727 4240 916 4345 ἀνήγαγον
942 4250 977 4328 ἐς
1003 4245 1098 4345 φάος
1122 4245 1242 4332 αὖτις·

256 4358 349 4454 αὑτὴ
373 4355 448 4460 γάρ
473 4383 562 4456 σφιν
586 4359 735 4435 ἅπαντα
760 4360 949 4456 διηνεκέως
973 4366 1147 4456 κατέλεξε,

254 4477 324 4552 οὑν
346 4475 476 4560 κείνοις
500 4475 608 4572 νίκην
632 4507 669 4551 τε
694 4478 757 4552 καὶ
782 4479 923 4582 ἀγλαόν
948 4479 1053 4576 εὑχος
1076 4466 1263 4580 ἀρέσθαι.Δ
1336 4512 1339 4520 “
