2880 4950
604 247 816 310 ..13-

190 412 245 478 καὶ
268 412 330 498 γάρ
353 415 418 490 νῦν,
444 409 499 478 ὅτε
521 409 589 479 πού
610 439 661 493 τις
686 412 892 496 ἐπιχθονίων
906 410 1107 504 ἀνθρώπων

188 510 294 598 έρδων
316 511 388 603 ἱερά
411 514 497 594 καλά
519 515 602 581 κατά
625 512 727 599 νόμον
748 512 933 604 ἱλάσκηται,

188 612 358 704 κικλήσκει
376 612 530 699 Ἑκάτην·
554 612 665 705 πολλή
687 617 724 685 τέ
746 616 779 687 οὶ
800 618 921 686 έσπετο
944 620 1022 708 τιμή

189 722 262 803 ῥεῖα
283 716 365 800 μάλ’
390 709 431 785 οὗ
452 713 614 806 πρόφρων
635 744 671 804 γε
694 719 763 786 θεά
784 716 987 801 ἀποδέξεται
1010 716 1116 804 εὐχάς,

125 837 175 887 400
189 818 246 886 καί
266 821 304 887 τέ
328 817 360 887 οἳ
383 813 485 904 ὀλβον
508 815 640 902 ὀπάζει,
664 821 740 888 έπεί
763 817 902 906 δύναμίς
922 848 959 909 γε
982 820 1154 911 πάρεστιν.

122 931 174 980 427
189 922 239 980 καὶ
259 914 350 1000 γέρας
370 921 401 981 ἓν
419 921 491 1000 γαίη
510 943 543 982 τε
563 922 614 981 καί
636 918 758 1004 οὐρανῷ
779 921 835 1000 ήδέ
855 918 1014 1002 θαλάσση.
1054 950 1056 955 ·

122 1005 355 1091 401όσσοιγδιρ
376 1012 472 1090 Γαίης
490 1034 522 1073 τε
543 1013 594 1072 καὶ
617 1010 760 1093 Οὐρανοῦ
780 1013 948 1094 ἐξεγένοντο

186 1105 237 1164 καὶ
258 1104 350 1182 τιμὴν
370 1103 488 1184 ἔλαχον,
510 1101 629 1166 τούτων
649 1103 707 1183 ἕχει
729 1101 821 1167 αἶσαν
840 1104 995 1177 ἀπάντων,
1067 1131 1069 1136 ·

187 1195 261 1258 ούδέ
278 1221 306 1258 τι
326 1222 380 1275 μιν
399 1197 555 1276 Κρονίδης
575 1198 733 1277 ἐβιήσατο,
755 1197 830 1260 ούδέ
845 1197 876 1259 τ’
899 1195 1024 1277 ἀπηύρα

186 1283 257 1349 όοσ’
280 1290 386 1369 έλαχεν
409 1293 518 1370 Τιτῆσι
537 1291 615 1367 μετὰ
635 1291 811 1369 προτέροισι
832 1295 961 1362 θεοΐσιν,

122 1394 172 1443 405
188 1379 258 1441 ἀλλ’
279 1381 337 1460 ἔχει
355 1379 396 1453 ὡς
415 1386 576 1464 τοπριῦτον
595 1380 650 1443 ἀπ’
673 1380 771 1463 ἀρχῆς
790 1383 896 1445 ἔπλετο
917 1384 1046 1461 δασμός.

257 1525 312 1552 >tt
539 1530 547 1552 λ

123 1549 173 1598 440
188 1525 249 1596 οόδ
292 1556 345 1596 οτι
366 1555 578 1618 μουνογενής,
601 1522 705 1619 ἧσσον
727 1532 795 1598 θεά
818 1529 942 1617 ἔμμορε
964 1535 1071 1618 τιμῆς,

123 1627 263 1730 408ἀλλ’
287 1629 336 1698 ἔτι
358 1633 415 1699 καὶ
436 1634 525 1699 πολὺ
545 1635 683 1717 μᾶλλον,
708 1632 783 1698 ἐπεὶ
806 1633 893 1711 Ζεὺς
913 1631 1021 1699 τίεται
1045 1629 1158 1720 αὐτήν.

185 1731 209 1814 ᾧ
231 1729 261 1792 δ’
283 1734 390 1804 ἐθέλει,
410 1731 551 1811 μεγάλως
571 1733 788 1812 παραγίγνεται
809 1731 859 1810 ἠδ’
882 1730 1030 1809 ὀνίνησιν·

122 1835 172 1884 430
188 1822 219 1884 ἔν
238 1823 269 1884 τ’
291 1822 389 1906 ἀγορῇ
408 1827 510 1884 λαοΐσι
529 1825 714 1905 μεταπρέπει
735 1818 770 1886 όν
790 1823 819 1885 κ’
842 1825 994 1906 ἐθέλῃσιν.

187 1965 207 2057 ή
231 1967 284 2049 δ’,
309 1968 410 2039 ὁπότ’
434 1969 467 2051 ές
489 1968 639 2055 πόλεμον
662 1969 857 2061 φθισήνορα
879 1968 1123 2059 θωρήσσωνται

189 2069 311 2160 ἀνέρες,
336 2069 422 2139 ἔνθα
444 2072 513 2140 θεά
535 2072 787 2161 παραγίγνεται,
813 2065 840 2160 ᾦ
861 2070 892 2140 κ’
917 2071 1061 2164 ἐθέλῃσι

187 2173 277 2262 νίκην
300 2177 517 2263 προφρονέως
541 2172 674 2243 ὀπάσαι
695 2178 752 2243 καὶ
773 2177 872 2254 κῦδος
895 2171 1020 2262 ὀρέξαι.

157 2347 159 2351 ⁴
185 2272 217 2335 έν
236 2297 268 2335 τε
289 2275 358 2357 δίκη
377 2280 539 2353 βασιλεῦσι
560 2275 637 2351 παρ’
661 2278 804 2335 αἰδοίοισι
826 2277 953 2349 καθίζει.

123 2419 293 2509 ιδοόσθλή
318 2418 352 2488 δ’
377 2416 462 2489 αὖθ’
488 2418 587 2491 ὁπότ’
613 2419 731 2511 άνδρες
753 2417 858 2509 ἀγῶνι
880 2417 1110 2490 ἀεθλεύωσιν·

186 2522 272 2592 ένθα
295 2525 362 2592 θεά
386 2525 442 2593 καὶ
463 2531 533 2605 τοῖς
554 2525 794 2614 παραγίγνεται
816 2521 872 2614 ἧδ’
897 2520 1038 2615 ὀνίνησι.-

185 2624 313 2705 νικήσας
333 2628 366 2688 δέ
384 2628 438 2709 βίη
459 2629 510 2689 καὶ
530 2624 639 2708 κάρτεϊ
654 2628 749 2688 καλὸν
769 2626 884 2688 ἄεθλον

161 2713 166 2722 ’
185 2715 251 2798 ῥεῖα
272 2719 356 2800 φέρει
373 2720 493 2796 χαίρων
511 2743 553 2791 τε,
574 2722 696 2781 τοκεῦσι
717 2743 748 2780 τε
770 2721 862 2791 κῦδος
882 2715 996 2794 ὀπάζει.

186 2866 293 2955 ε’σθλή
318 2863 350 2934 δ’
376 2863 541 2955 ἱππήεσσι
562 2862 776 2952 παρεστάμεν
797 2859 849 2944 οἷς
870 2863 902 2931 κ’
927 2867 1079 2955 ἐθέλῃσι,

123 2990 174 3039 440
187 2970 243 3037 καὶ
264 2973 335 3047 τοῖς
358 2964 395 3034 οἳ
413 2967 557 3056 γλαυκήν
579 2968 813 3056 δυςπέμφελον
835 2963 1041 3054 ἐργάζονται.

185 3066 324 3147 εὔχονται
347 3067 378 3130 δ’
396 3066 508 3151 Ἑκάτη
530 3071 579 3130 καὶ
600 3063 752 3153 ἐρικτύπῳ
770 3064 976 3150 Ἐννοσιγαίῳ.

187 3214 324 3303 ῥηιδίως
346 3212 377 3284 δ’
402 3211 503 3306 ὀίγρην
523 3216 625 3303 κυδρή
647 3216 733 3295 θεός
754 3208 872 3299 α’ίπασε
894 3211 1036 3302 πολλήν.

185 3316 251 3394 ῥεῖα
272 3314 303 3377 δ’
325 3315 465 3398 ἀφείλετο
487 3311 682 3397 φαινομένην,
703 3311 857 3383 ἐθέλουσά
877 3337 909 3394 γε
930 3319 1035 3398 θυμῷ.

188 3464 294 3550 ἐσθλή
319 3461 352 3530 δ’
376 3465 411 3530 έν
431 3470 617 3547 σταθμοῖσι
640 3464 699 3531 οὐν
717 3461 822 3552 Ἑρμῇ
844 3458 933 3549 ληίδ’
957 3458 1077 3541 ἀέξειν,

124 3587 175 3636 444
188 3563 368 3649 βουκολίας
389 3562 421 3630 τ’
446 3561 568 3651 ’ἀγέλας
589 3591 625 3632 τε
647 3566 703 3632 καὶ
727 3563 870 3632 αἰπόλια
894 3559 1015 3631 πλατέ’
1041 3561 1153 3649 αἰγῶν,

187 3665 333 3750 ποίμνας
351 3663 382 3732 τ’
408 3663 594 3755 εἰροπόκων
617 3661 706 3746 ὀΐων,
728 3669 827 3759 θυμῷ
849 3663 881 3752 γ’
907 3665 1088 3731 ἐθέλουσα.

185 3770 216 3840 ἐξ
237 3765 347 3846 ὀλίγων
365 3764 476 3844 βριάει,
498 3763 556 3826 κάκ
576 3769 697 3826 πολλῶν
716 3766 822 3842 μείονα
843 3770 948 3846 θῆκεν.

188 3913 275 3983 οὕτω
298 3939 352 3979 τοι
374 3913 430 3979 καὶ
449 3913 651 4001 μουνογενής
673 3913 708 3979 έν
730 3913 854 4001 μητρός
874 3910 977 3980 έοῦσα

187 4022 274 4085 πάσι
295 4011 369 4099 μετ’
395 4011 601 4082 ἀθανάτοισι
620 4011 791 4102 τετίμηται
814 4011 987 4102 γεράεσσι·

119 4128 172 4179 450
187 4121 264 4193 θῆκε
287 4116 322 4176 δέ
338 4141 391 4192 μιν
412 4108 808 4196 Κρονίδηςκαυροτρόφον,
831 4112 863 4173 οἳ
877 4111 947 4190 μετ’
970 4113 1084 4193 ἐκείνην

185 4206 398 4290 ὀφθαλμοῖσιν
418 4205 520 4268 ίδσντο
542 4205 624 4288 φάος
643 4205 846 4283 πολυδερκέος
863 4203 968 4277 Ἠοῦς.

188 4352 293 4432 οὕτως
315 4353 352 4434 ἐξ
373 4349 472 4443 ἀρχῆς
495 4350 731 4443 κουροτρόφος,
755 4353 829 4421 αίδε
851 4379 887 4420 τε
908 4353 1015 4438 τιμαί.

613 4522 813 4530 --.-—--—-———=
