<?xml version="1.0" encoding="UTF-8"?>
<!DOCTYPE html PUBLIC "-//W3C//DTD XHTML 1.0 Transitional//EN"
    "http://www.w3.org/TR/xhtml1/DTD/xhtml1-transitional.dtd">
<html xmlns="http://www.w3.org/1999/xhtml" xml:lang="en" lang="en">
 <head>
  <title>
</title>
<meta http-equiv="Content-Type" content="text/html;charset=utf-8" />
  <meta name='ocr-system' content='tesseract 3.04.00' />
  <meta name='ocr-capabilities' content='ocr_page ocr_carea ocr_par ocr_line ocrx_word'/>
</head>
<body>
  <div class='ocr_page' id='page_1' title='image "./hesioditheogoni02hesigoog_0038.png"; bbox 0 0 2880 4950; ppageno 0'>
   <div class='ocr_carea' id='block_1_1' title="bbox 610 196 824 263">
    <p class='ocr_par' dir='ltr' id='par_1_1' title="bbox 610 196 824 263">
     <span class='ocr_line' id='line_1_1' title="bbox 610 196 824 263; baseline 0.005 -18"><span class='ocrx_word' id='word_1_1' title='bbox 610 196 824 263; x_wconf 68' lang='lat'>..27-</span> 
     </span>
    </p>
   </div>
   <div class='ocr_carea' id='block_1_2' title="bbox 132 363 1295 1762">
    <p class='ocr_par' dir='ltr' id='par_1_2' title="bbox 132 363 1295 1762">
     <span class='ocr_line' id='line_1_2' title="bbox 241 363 1246 464; baseline 0.004 -25"><span class='ocrx_word' id='word_1_2' title='bbox 241 364 374 464; x_wconf 78' lang='grc' dir='ltr'><em>Αύτδρ</em></span> <span class='ocrx_word' id='word_1_3' title='bbox 397 367 417 439; x_wconf 87' lang='grc' dir='ltr'><em>ὃ</em></span> <span class='ocrx_word' id='word_1_4' title='bbox 444 365 639 464; x_wconf 86' lang='grc' dir='ltr'><em>Δήμητρος</em></span> <span class='ocrx_word' id='word_1_5' title='bbox 665 363 904 464; x_wconf 79' lang='grc' dir='ltr'><em>πολυφόρβης</em></span> <span class='ocrx_word' id='word_1_6' title='bbox 931 368 966 448; x_wconf 89' lang='grc' dir='ltr'><em>ἐς</em></span> <span class='ocrx_word' id='word_1_7' title='bbox 994 367 1095 461; x_wconf 90' lang='grc' dir='ltr'><em>λέχος</em></span> <span class='ocrx_word' id='word_1_8' title='bbox 1119 364 1246 463; x_wconf 76' lang='grc' dir='ltr'><em>ἦλθεν,</em></span> 
     </span>
     <span class='ocr_line' id='line_1_3' title="bbox 192 481 1139 584; baseline 0.001 -27"><span class='ocrx_word' id='word_1_9' title='bbox 192 484 215 578; x_wconf 80' lang='grc' dir='ltr'>ἢ</span> <span class='ocrx_word' id='word_1_10' title='bbox 241 483 320 557; x_wconf 89' lang='grc' dir='ltr'><em>τέκε</em></span> <span class='ocrx_word' id='word_1_11' title='bbox 345 483 591 584; x_wconf 70' lang='grc' dir='ltr'><em>Περσεφόνην</em></span> <span class='ocrx_word' id='word_1_12' title='bbox 618 482 853 576; x_wconf 72' lang='grc' dir='ltr'><em>λευκώλενον,</em></span> <span class='ocrx_word' id='word_1_13' title='bbox 879 483 926 578; x_wconf 85' lang='grc' dir='ltr'><em>ῆν</em></span> <span class='ocrx_word' id='word_1_14' title='bbox 946 481 1139 568; x_wconf 81' lang='grc' dir='ltr'><em>Ἀϊδωνεύς</em></span> 
     </span>
     <span class='ocr_line' id='line_1_4' title="bbox 190 597 1244 703; baseline 0.002 -27"><span class='ocrx_word' id='word_1_15' title='bbox 190 601 355 700; x_wconf 85' lang='grc' dir='ltr'><em>ῆρπασεν</em></span> <span class='ocrx_word' id='word_1_16' title='bbox 379 597 421 698; x_wconf 78' lang='grc' dir='ltr'><em>ἧς</em></span> <span class='ocrx_word' id='word_1_17' title='bbox 446 605 546 703; x_wconf 78' lang='grc' dir='ltr'><em>παρὰ</em></span> <span class='ocrx_word' id='word_1_18' title='bbox 573 602 729 700; x_wconf 86' lang='grc' dir='ltr'><em>μητρὸς·</em></span> <span class='ocrx_word' id='word_1_19' title='bbox 757 601 870 675; x_wconf 82' lang='grc' dir='ltr'><em>ἐδιοκε</em></span> <span class='ocrx_word' id='word_1_20' title='bbox 896 600 938 675; x_wconf 85' lang='grc' dir='ltr'><em>δέ</em></span> <span class='ocrx_word' id='word_1_21' title='bbox 962 601 1116 698; x_wconf 90' lang='grc' dir='ltr'><em>μητίετα</em></span> <span class='ocrx_word' id='word_1_22' title='bbox 1140 603 1244 687; x_wconf 88' lang='grc' dir='ltr'><em>Ζεύς.</em></span> 
     </span>
     <span class='ocr_line' id='line_1_5' title="bbox 132 718 1222 818; baseline 0.008 -32"><span class='ocrx_word' id='word_1_23' title='bbox 132 737 183 789; x_wconf 76' lang='lat'><em>915</em></span> <span class='ocrx_word' id='word_1_24' title='bbox 247 720 505 816; x_wconf 80' lang='grc' dir='ltr'><em>Μνημοσύνης</em></span> <span class='ocrx_word' id='word_1_25' title='bbox 530 721 572 795; x_wconf 76' lang='grc' dir='ltr'><em>δ’</em></span> <span class='ocrx_word' id='word_1_26' title='bbox 600 725 741 805; x_wconf 85' lang='grc' dir='ltr'><em>ἐξαῦτις</em></span> <span class='ocrx_word' id='word_1_27' title='bbox 767 718 950 816; x_wconf 78' lang='grc' dir='ltr'><em>ἐράσσατο</em></span> <span class='ocrx_word' id='word_1_28' title='bbox 975 718 1222 818; x_wconf 80' lang='grc' dir='ltr'><em>καλλικόμοιο,</em></span> 
     </span>
     <span class='ocr_line' id='line_1_6' title="bbox 197 831 1065 938; baseline -0.001 -26"><span class='ocrx_word' id='word_1_29' title='bbox 197 831 301 932; x_wconf 78' lang='grc' dir='ltr'><em>ἑξῆς</em></span> <span class='ocrx_word' id='word_1_30' title='bbox 327 839 363 910; x_wconf 88' lang='grc' dir='ltr'><em>οἱ</em></span> <span class='ocrx_word' id='word_1_31' title='bbox 387 844 545 913; x_wconf 84' lang='grc' dir='ltr'><em>Μοῦσαι</em></span> <span class='ocrx_word' id='word_1_32' title='bbox 567 837 831 936; x_wconf 79' lang='grc' dir='ltr'><em>χρυσάμπυκες</em></span> <span class='ocrx_word' id='word_1_33' title='bbox 857 837 1065 938; x_wconf 75' lang='grc' dir='ltr'><em>ἐξεγένοντο</em></span> 
     </span>
     <span class='ocr_line' id='line_1_7' title="bbox 195 953 1121 1053; baseline -0.003 -24"><span class='ocrx_word' id='word_1_34' title='bbox 195 955 311 1045; x_wconf 86' lang='grc' dir='ltr'><em>ἐννέα,</em></span> <span class='ocrx_word' id='word_1_35' title='bbox 338 962 443 1049; x_wconf 85' lang='grc' dir='ltr'><em>τῆσιν</em></span> <span class='ocrx_word' id='word_1_36' title='bbox 468 955 563 1031; x_wconf 78' lang='grc' dir='ltr'><em>δίδον</em></span> <span class='ocrx_word' id='word_1_37' title='bbox 587 953 719 1029; x_wconf 92' lang='grc' dir='ltr'><em>θαλίαι</em></span> <span class='ocrx_word' id='word_1_38' title='bbox 744 953 806 1027; x_wconf 82' lang='grc' dir='ltr'><em>καὶ</em></span> <span class='ocrx_word' id='word_1_39' title='bbox 831 955 957 1053; x_wconf 82' lang='grc' dir='ltr'><em>τέρφις</em></span> <span class='ocrx_word' id='word_1_40' title='bbox 984 953 1121 1049; x_wconf 85' lang='grc' dir='ltr'><em>άοιδῆς.</em></span> 
     </span>
     <span class='ocr_line' id='line_1_8' title="bbox 244 1071 1153 1171; baseline 0 -25"><span class='ocrx_word' id='word_1_41' title='bbox 244 1071 359 1168; x_wconf 81' lang='grc' dir='ltr'><em>Λητώ</em></span> <span class='ocrx_word' id='word_1_42' title='bbox 386 1072 424 1147; x_wconf 73' lang='grc' dir='ltr'><em>δ’</em></span> <span class='ocrx_word' id='word_1_43' title='bbox 445 1071 656 1148; x_wconf 86' lang='grc' dir='ltr'><em>Ἀπόλλωνα</em></span> <span class='ocrx_word' id='word_1_44' title='bbox 680 1071 745 1145; x_wconf 85' lang='grc' dir='ltr'><em>καὶ</em></span> <span class='ocrx_word' id='word_1_45' title='bbox 762 1071 930 1169; x_wconf 78' lang='grc' dir='ltr'><em>Ἄρτεμιν</em></span> <span class='ocrx_word' id='word_1_46' title='bbox 955 1072 1153 1171; x_wconf 78' lang='grc' dir='ltr'><em>λοχέαιραν,</em></span> 
     </span>
     <span class='ocr_line' id='line_1_9' title="bbox 197 1187 1104 1293; baseline 0.001 -29"><span class='ocrx_word' id='word_1_47' title='bbox 197 1190 388 1289; x_wconf 85' lang='grc' dir='ltr'><em>ἱμερόεντα</em></span> <span class='ocrx_word' id='word_1_48' title='bbox 413 1189 528 1293; x_wconf 92' lang='grc' dir='ltr'><em>γόνον</em></span> <span class='ocrx_word' id='word_1_49' title='bbox 551 1189 634 1288; x_wconf 80' lang='grc' dir='ltr'><em>περὶ</em></span> <span class='ocrx_word' id='word_1_50' title='bbox 658 1188 811 1265; x_wconf 86' lang='grc' dir='ltr'><em>πάντων</em></span> <span class='ocrx_word' id='word_1_51' title='bbox 839 1187 1104 1288; x_wconf 79' lang='grc' dir='ltr'><em>Οὐρανιώνων,</em></span> 
     </span>
     <span class='ocr_line' id='line_1_10' title="bbox 133 1305 1124 1410; baseline 0.006 -34"><span class='ocrx_word' id='word_1_52' title='bbox 133 1327 184 1379; x_wconf 74' lang='grc' dir='ltr'><em>(αθ</em></span> <span class='ocrx_word' id='word_1_53' title='bbox 196 1307 339 1410; x_wconf 70' lang='grc' dir='ltr'><em>γείνατ’</em></span> <span class='ocrx_word' id='word_1_54' title='bbox 365 1308 427 1407; x_wconf 69' lang='grc' dir='ltr'><em>ἄρ’</em></span> <span class='ocrx_word' id='word_1_55' title='bbox 455 1306 634 1410; x_wconf 74' lang='grc' dir='ltr'><em>αἰγιόχοιο</em></span> <span class='ocrx_word' id='word_1_56' title='bbox 660 1308 747 1391; x_wconf 83' lang='grc' dir='ltr'><em>Διὸς</em></span> <span class='ocrx_word' id='word_1_57' title='bbox 773 1305 941 1405; x_wconf 90' lang='grc' dir='ltr'><em>φιλότητι</em></span> <span class='ocrx_word' id='word_1_58' title='bbox 965 1314 1124 1410; x_wconf 86' lang='grc' dir='ltr'><em>μιγεῖσα.</em></span> 
     </span>
     <span class='ocr_line' id='line_1_11' title="bbox 246 1425 1295 1524; baseline 0.007 -25"><span class='ocrx_word' id='word_1_59' title='bbox 246 1425 512 1522; x_wconf 88' lang='grc' dir='ltr'><em>Λοισθοτάτην</em></span> <span class='ocrx_word' id='word_1_60' title='bbox 537 1425 575 1500; x_wconf 70' lang='grc' dir='ltr'><em>δ’</em></span> <span class='ocrx_word' id='word_1_61' title='bbox 594 1425 723 1524; x_wconf 82' lang='grc' dir='ltr'><em>Ἥρην</em></span> <span class='ocrx_word' id='word_1_62' title='bbox 745 1425 912 1523; x_wconf 76' lang='grc' dir='ltr'><em>θαλερὴν</em></span> <span class='ocrx_word' id='word_1_63' title='bbox 935 1425 1109 1521; x_wconf 77' lang='grc' dir='ltr'><em>ποιήσατ’</em></span> <span class='ocrx_word' id='word_1_64' title='bbox 1137 1428 1295 1507; x_wconf 82' lang='grc' dir='ltr'><em>ἄκοιτιν·</em></span> 
     </span>
     <span class='ocr_line' id='line_1_12' title="bbox 193 1542 1122 1643; baseline -0.003 -23"><span class='ocrx_word' id='word_1_65' title='bbox 193 1545 215 1640; x_wconf 87' lang='grc' dir='ltr'><em>ῆ</em></span> <span class='ocrx_word' id='word_1_66' title='bbox 243 1545 279 1620; x_wconf 76' lang='grc' dir='ltr'><em>δ’</em></span> <span class='ocrx_word' id='word_1_67' title='bbox 298 1545 425 1643; x_wconf 89' lang='grc' dir='ltr'><em>Ἥβην</em></span> <span class='ocrx_word' id='word_1_68' title='bbox 448 1542 511 1643; x_wconf 83' lang='grc' dir='ltr'><em>καὶ</em></span> <span class='ocrx_word' id='word_1_69' title='bbox 528 1542 640 1641; x_wconf 78' lang='grc' dir='ltr'><em>’Άρηα</em></span> <span class='ocrx_word' id='word_1_70' title='bbox 667 1543 730 1617; x_wconf 84' lang='grc' dir='ltr'><em>καὶ</em></span> <span class='ocrx_word' id='word_1_71' title='bbox 755 1542 972 1619; x_wconf 78' lang='grc' dir='ltr'><em>Εέλείθυιαν</em></span> <span class='ocrx_word' id='word_1_72' title='bbox 997 1546 1122 1634; x_wconf 76' lang='grc' dir='ltr'><em>ἔτικτε,</em></span> 
     </span>
     <span class='ocr_line' id='line_1_13' title="bbox 195 1659 1195 1762; baseline 0.001 -26"><span class='ocrx_word' id='word_1_73' title='bbox 195 1663 362 1760; x_wconf 68' lang='grc' dir='ltr'><em>μιχθεῖώ</em></span> <span class='ocrx_word' id='word_1_74' title='bbox 390 1668 430 1739; x_wconf 89' lang='grc' dir='ltr'><em>ἐν</em></span> <span class='ocrx_word' id='word_1_75' title='bbox 456 1659 622 1762; x_wconf 86' lang='grc' dir='ltr'><em>φιλότητι</em></span> <span class='ocrx_word' id='word_1_76' title='bbox 646 1664 751 1737; x_wconf 76' lang='grc' dir='ltr'><em>θεῶν</em></span> <span class='ocrx_word' id='word_1_77' title='bbox 772 1665 922 1759; x_wconf 78' lang='grc' dir='ltr'><em>βασιλῆι</em></span> <span class='ocrx_word' id='word_1_78' title='bbox 947 1662 1009 1736; x_wconf 83' lang='grc' dir='ltr'><em>καὶ</em></span> <span class='ocrx_word' id='word_1_79' title='bbox 1035 1662 1195 1760; x_wconf 78' lang='grc' dir='ltr'><em>ἀνδρῶν.</em></span> 
     </span>
    </p>
   </div>
   <div class='ocr_carea' id='block_1_3' title="bbox 132 1881 1246 2216">
    <p class='ocr_par' dir='ltr' id='par_1_3' title="bbox 132 1881 1246 2216">
     <span class='ocr_line' id='line_1_14' title="bbox 246 1881 1246 1984; baseline 0.004 -26"><span class='ocrx_word' id='word_1_80' title='bbox 246 1884 369 1965; x_wconf 83' lang='grc' dir='ltr'><em>Αὐτὸς</em></span> <span class='ocrx_word' id='word_1_81' title='bbox 393 1883 418 1957; x_wconf 94' lang='grc' dir='ltr'><em>δ</em></span> <span class='ocrx_word' id='word_1_82' title='bbox 422 1882 433 1909; x_wconf 81' lang='lat'><strong>³</strong></span> <span class='ocrx_word' id='word_1_83' title='bbox 462 1886 501 1957; x_wconf 89' lang='grc' dir='ltr'><em>ἐκ</em></span> <span class='ocrx_word' id='word_1_84' title='bbox 524 1890 683 1980; x_wconf 82' lang='grc' dir='ltr'><em>κεφαλῆς</em></span> <span class='ocrx_word' id='word_1_85' title='bbox 707 1881 949 1984; x_wconf 71' lang='grc' dir='ltr'><em>γλαυκώπιδα</em></span> <span class='ocrx_word' id='word_1_86' title='bbox 980 1884 1246 1984; x_wconf 79' lang='grc' dir='ltr'><em>Τριτογένειαν,</em></span> 
     </span>
     <span class='ocr_line' id='line_1_15' title="bbox 132 1998 1120 2106; baseline 0.006 -36"><span class='ocrx_word' id='word_1_87' title='bbox 132 2020 183 2071; x_wconf 80' lang='lat'><em>925</em></span> <span class='ocrx_word' id='word_1_88' title='bbox 196 2001 321 2096; x_wconf 83' lang='grc' dir='ltr'><em>δεινὴν</em></span> <span class='ocrx_word' id='word_1_89' title='bbox 346 1998 610 2106; x_wconf 74' lang='grc' dir='ltr'><em>ἐγρεκύδοιμον</em></span> <span class='ocrx_word' id='word_1_90' title='bbox 636 2000 863 2102; x_wconf 77' lang='grc' dir='ltr'><em>ἀγέστρατον</em></span> <span class='ocrx_word' id='word_1_91' title='bbox 889 1999 1120 2099; x_wconf 86' lang='grc' dir='ltr'><em>άτρυτώνην,</em></span> 
     </span>
     <span class='ocr_line' id='line_1_16' title="bbox 195 2112 1232 2216; baseline 0.007 -23"><span class='ocrx_word' id='word_1_92' title='bbox 195 2118 365 2210; x_wconf 89' lang='grc' dir='ltr'><em>πότνιαν,</em></span> <span class='ocrx_word' id='word_1_93' title='bbox 391 2112 415 2212; x_wconf 79' lang='grc' dir='ltr'><strong><em>ᾖ</em></strong></span> <span class='ocrx_word' id='word_1_94' title='bbox 439 2117 588 2193; x_wconf 90' lang='grc' dir='ltr'><em>κέλαδοί</em></span> <span class='ocrx_word' id='word_1_95' title='bbox 611 2146 651 2192; x_wconf 90' lang='grc' dir='ltr'><em>τε</em></span> <span class='ocrx_word' id='word_1_96' title='bbox 678 2118 773 2195; x_wconf 82' lang='grc' dir='ltr'><em>ἅδον</em></span> <span class='ocrx_word' id='word_1_97' title='bbox 798 2117 953 2215; x_wconf 90' lang='grc' dir='ltr'><em>πόλεμοί</em></span> <span class='ocrx_word' id='word_1_98' title='bbox 976 2147 1016 2193; x_wconf 91' lang='grc' dir='ltr'><em>τε</em></span> <span class='ocrx_word' id='word_1_99' title='bbox 1041 2118 1159 2216; x_wconf 91' lang='grc' dir='ltr'><em>μάχαι</em></span> <span class='ocrx_word' id='word_1_100' title='bbox 1184 2155 1232 2199; x_wconf 89' lang='grc' dir='ltr'><em>τε.</em></span> 
     </span>
    </p>
   </div>
   <div class='ocr_carea' id='block_1_4' title="bbox 193 2336 1240 2648">
    <p class='ocr_par' dir='ltr' id='par_1_4' title="bbox 193 2336 1240 2648">
     <span class='ocr_line' id='line_1_17' title="bbox 237 2336 1240 2441; baseline 0 -25"><span class='ocrx_word' id='word_1_101' title='bbox 237 2342 335 2438; x_wconf 87' lang='grc' dir='ltr'><em>Ἥρη</em></span> <span class='ocrx_word' id='word_1_102' title='bbox 362 2337 400 2413; x_wconf 83' lang='grc' dir='ltr'><em>δ’</em></span> <span class='ocrx_word' id='word_1_103' title='bbox 418 2337 630 2436; x_wconf 86' lang='grc' dir='ltr'><em>Ἥφαιστον</em></span> <span class='ocrx_word' id='word_1_104' title='bbox 653 2338 790 2414; x_wconf 88' lang='grc' dir='ltr'><em>κλυτὸν</em></span> <span class='ocrx_word' id='word_1_105' title='bbox 815 2337 861 2411; x_wconf 85' lang='grc' dir='ltr'><em>ού</em></span> <span class='ocrx_word' id='word_1_106' title='bbox 887 2336 1054 2437; x_wconf 90' lang='grc' dir='ltr'><em>φιλότητι</em></span> <span class='ocrx_word' id='word_1_107' title='bbox 1079 2346 1240 2441; x_wconf 86' lang='grc' dir='ltr'><em>μιγεῖσα,</em></span> 
     </span>
     <span class='ocr_line' id='line_1_18' title="bbox 196 2439 1010 2540; baseline -0.004 -21"><span class='ocrx_word' id='word_1_108' title='bbox 196 2458 325 2540; x_wconf 80' lang='grc' dir='ltr'><em>γείνατο,</em></span> <span class='ocrx_word' id='word_1_109' title='bbox 346 2453 399 2516; x_wconf 78' lang='grc' dir='ltr'><em>καὶ</em></span> <span class='ocrx_word' id='word_1_110' title='bbox 419 2451 567 2532; x_wconf 73' lang='grc' dir='ltr'><em>ζαμένησε</em></span> <span class='ocrx_word' id='word_1_111' title='bbox 586 2455 638 2516; x_wconf 84' lang='grc' dir='ltr'><em>καὶ</em></span> <span class='ocrx_word' id='word_1_112' title='bbox 656 2451 762 2534; x_wconf 79' lang='grc' dir='ltr'><em>ἤρισεν</em></span> <span class='ocrx_word' id='word_1_113' title='bbox 781 2439 807 2538; x_wconf 76' lang='grc' dir='ltr'>ᾧ</span> <span class='ocrx_word' id='word_1_114' title='bbox 827 2454 1010 2536; x_wconf 76' lang='grc' dir='ltr'><em>παρακοίτῃ,</em></span> 
     </span>
     <span class='ocr_line' id='line_1_19' title="bbox 193 2547 1120 2648; baseline -0.002 -21"><span class='ocrx_word' id='word_1_115' title='bbox 193 2556 233 2627; x_wconf 87' lang='grc' dir='ltr'><em>ἐκ</em></span> <span class='ocrx_word' id='word_1_116' title='bbox 257 2550 409 2628; x_wconf 86' lang='grc' dir='ltr'><em>πάντων</em></span> <span class='ocrx_word' id='word_1_117' title='bbox 434 2550 580 2646; x_wconf 79' lang='grc' dir='ltr'><em>τέχνῃσι</em></span> <span class='ocrx_word' id='word_1_118' title='bbox 603 2549 830 2648; x_wconf 89' lang='grc' dir='ltr'><em>κεκασμένον</em></span> <span class='ocrx_word' id='word_1_119' title='bbox 858 2547 1120 2648; x_wconf 75' lang='grc' dir='ltr'><em>Οὐρανιώνων.</em></span> 
     </span>
    </p>
   </div>
   <div class='ocr_carea' id='block_1_5' title="bbox 120 2864 1338 3883">
    <p class='ocr_par' dir='ltr' id='par_1_5' title="bbox 120 2864 183 2924">
     <span class='ocr_line' id='line_1_20' title="bbox 120 2864 183 2924; baseline 0 -1"><span class='ocrx_word' id='word_1_120' title='bbox 120 2864 183 2924; x_wconf 85' lang='lat' dir='ltr'><em>XV.</em></span> 
     </span>
    </p>

    <p class='ocr_par' dir='ltr' id='par_1_6' title="bbox 134 2951 1338 3527">
     <span class='ocr_line' id='line_1_21' title="bbox 134 2951 1213 3056; baseline 0.006 -31"><span class='ocrx_word' id='word_1_121' title='bbox 134 2974 184 3027; x_wconf 81' lang='lat'><em>930</em></span> <span class='ocrx_word' id='word_1_122' title='bbox 244 2955 304 3029; x_wconf 81' lang='grc' dir='ltr'><em>Ἐκ</em></span> <span class='ocrx_word' id='word_1_123' title='bbox 329 2954 368 3030; x_wconf 72' lang='grc' dir='ltr'><em>δ’</em></span> <span class='ocrx_word' id='word_1_124' title='bbox 390 2951 626 3051; x_wconf 85' lang='grc' dir='ltr'><em>Ἀμφιτρίτης</em></span> <span class='ocrx_word' id='word_1_125' title='bbox 650 2951 714 3024; x_wconf 82' lang='grc' dir='ltr'><em>καὶ</em></span> <span class='ocrx_word' id='word_1_126' title='bbox 739 2951 936 3049; x_wconf 79' lang='grc' dir='ltr'><em>ἐρικτύπου</em></span> <span class='ocrx_word' id='word_1_127' title='bbox 959 2954 1213 3056; x_wconf 79' lang='grc' dir='ltr'><em>Ἐννοσιγαίου</em></span> 
     </span>
     <span class='ocr_line' id='line_1_22' title="bbox 199 3069 1173 3173; baseline -0.004 -24"><span class='ocrx_word' id='word_1_128' title='bbox 199 3073 345 3173; x_wconf 85' lang='grc' dir='ltr'><em>Τρίτων</em></span> <span class='ocrx_word' id='word_1_129' title='bbox 370 3071 543 3171; x_wconf 78' lang='grc' dir='ltr'><em>εὐρυβίης</em></span> <span class='ocrx_word' id='word_1_130' title='bbox 569 3071 694 3171; x_wconf 87' lang='grc' dir='ltr'><em>γένετο</em></span> <span class='ocrx_word' id='word_1_131' title='bbox 719 3069 849 3173; x_wconf 90' lang='grc' dir='ltr'><em>μέγας,</em></span> <span class='ocrx_word' id='word_1_132' title='bbox 876 3071 955 3155; x_wconf 82' lang='grc' dir='ltr'><em>ὅςτε</em></span> <span class='ocrx_word' id='word_1_133' title='bbox 979 3071 1173 3168; x_wconf 75' lang='grc' dir='ltr'><em>θαλάσσης</em></span> 
     </span>
     <span class='ocr_line' id='line_1_23' title="bbox 197 3187 1338 3287; baseline 0 -20"><span class='ocrx_word' id='word_1_134' title='bbox 197 3191 362 3287; x_wconf 77' lang='grc' dir='ltr'><em>πυθμέν’</em></span> <span class='ocrx_word' id='word_1_135' title='bbox 389 3193 484 3286; x_wconf 76' lang='grc' dir='ltr'><em>ἔχων</em></span> <span class='ocrx_word' id='word_1_136' title='bbox 509 3187 610 3286; x_wconf 83' lang='grc' dir='ltr'><em>παρὰ</em></span> <span class='ocrx_word' id='word_1_137' title='bbox 636 3188 748 3285; x_wconf 84' lang='grc' dir='ltr'><em>μητρὶ</em></span> <span class='ocrx_word' id='word_1_138' title='bbox 775 3190 863 3287; x_wconf 89' lang='grc' dir='ltr'><em>φίλη</em></span> <span class='ocrx_word' id='word_1_139' title='bbox 883 3188 947 3262; x_wconf 85' lang='grc' dir='ltr'><em>καὶ</em></span> <span class='ocrx_word' id='word_1_140' title='bbox 971 3189 1083 3287; x_wconf 81' lang='grc' dir='ltr'><em>πατρὶ</em></span> <span class='ocrx_word' id='word_1_141' title='bbox 1109 3191 1240 3267; x_wconf 88' lang='grc' dir='ltr'><em>άνακτι</em></span> <span class='ocrx_word' id='word_1_142' title='bbox 1335 3277 1338 3280; x_wconf 49' lang='grc'><em>,</em></span> 
     </span>
     <span class='ocr_line' id='line_1_24' title="bbox 196 3304 1081 3408; baseline -0.008 -21"><span class='ocrx_word' id='word_1_143' title='bbox 196 3310 290 3387; x_wconf 90' lang='grc' dir='ltr'><em>ναίει</em></span> <span class='ocrx_word' id='word_1_144' title='bbox 311 3307 452 3408; x_wconf 89' lang='grc' dir='ltr'><em>χρύσεα</em></span> <span class='ocrx_word' id='word_1_145' title='bbox 477 3307 546 3401; x_wconf 79' lang='grc' dir='ltr'><em>δώ,</em></span> <span class='ocrx_word' id='word_1_146' title='bbox 573 3305 690 3387; x_wconf 88' lang='grc' dir='ltr'><em>δεινὸς</em></span> <span class='ocrx_word' id='word_1_147' title='bbox 715 3304 813 3389; x_wconf 88' lang='grc' dir='ltr'><em>θεός.</em></span> <span class='ocrx_word' id='word_1_148' title='bbox 842 3306 963 3405; x_wconf 79' lang='grc' dir='ltr'><em>αὐτὰρ</em></span> <span class='ocrx_word' id='word_1_149' title='bbox 980 3307 1081 3405; x_wconf 77' lang='grc' dir='ltr'><em>’Άρηι</em></span> 
     </span>
     <span class='ocr_line' id='line_1_25' title="bbox 197 3422 1134 3527; baseline -0.003 -24"><span class='ocrx_word' id='word_1_150' title='bbox 197 3428 374 3527; x_wconf 82' lang='grc' dir='ltr'><em>ῥινοτόρῳ</em></span> <span class='ocrx_word' id='word_1_151' title='bbox 399 3427 587 3525; x_wconf 85' lang='grc' dir='ltr'><em>Κυθέρεια</em></span> <span class='ocrx_word' id='word_1_152' title='bbox 612 3422 747 3522; x_wconf 86' lang='grc' dir='ltr'><em>Φόβον</em></span> <span class='ocrx_word' id='word_1_153' title='bbox 767 3424 832 3499; x_wconf 83' lang='grc' dir='ltr'><em>καὶ</em></span> <span class='ocrx_word' id='word_1_154' title='bbox 859 3429 997 3522; x_wconf 84' lang='grc' dir='ltr'><em>Δεῖμον</em></span> <span class='ocrx_word' id='word_1_155' title='bbox 1021 3427 1134 3500; x_wconf 85' lang='grc' dir='ltr'><em>ἐτικτε</em></span> 
     </span>
    </p>

    <p class='ocr_par' dir='ltr' id='par_1_7' title="bbox 136 3542 1332 3883">
     <span class='ocr_line' id='line_1_26' title="bbox 136 3542 1248 3649; baseline 0.004 -31"><span class='ocrx_word' id='word_1_156' title='bbox 136 3567 186 3618; x_wconf 79' lang='lat'><em>935</em></span> <span class='ocrx_word' id='word_1_157' title='bbox 201 3545 357 3637; x_wconf 78' lang='grc' dir='ltr'><em>δεινοὺς,</em></span> <span class='ocrx_word' id='word_1_158' title='bbox 384 3545 454 3619; x_wconf 76' lang='grc' dir='ltr'><em>οἵτ’</em></span> <span class='ocrx_word' id='word_1_159' title='bbox 481 3543 633 3641; x_wconf 84' lang='grc' dir='ltr'><em>άνδρών</em></span> <span class='ocrx_word' id='word_1_160' title='bbox 657 3543 814 3625; x_wconf 88' lang='grc' dir='ltr'><em>πυκινάς</em></span> <span class='ocrx_word' id='word_1_161' title='bbox 838 3542 1027 3619; x_wconf 89' lang='grc' dir='ltr'><em>κλονέουσι</em></span> <span class='ocrx_word' id='word_1_162' title='bbox 1054 3542 1248 3649; x_wconf 91' lang='grc' dir='ltr'><em>φάλαγγας</em></span> 
     </span>
     <span class='ocr_line' id='line_1_27' title="bbox 198 3657 1091 3763; baseline -0.006 -23"><span class='ocrx_word' id='word_1_163' title='bbox 198 3671 239 3742; x_wconf 94' lang='grc' dir='ltr'><em>ἐν</em></span> <span class='ocrx_word' id='word_1_164' title='bbox 263 3665 410 3763; x_wconf 86' lang='grc' dir='ltr'><em>πολέμῳ</em></span> <span class='ocrx_word' id='word_1_165' title='bbox 435 3659 603 3760; x_wconf 90' lang='grc' dir='ltr'><em>κρυόεντι</em></span> <span class='ocrx_word' id='word_1_166' title='bbox 629 3660 700 3735; x_wconf 80' lang='grc' dir='ltr'><em>σὺν</em></span> <span class='ocrx_word' id='word_1_167' title='bbox 713 3661 813 3759; x_wconf 82' lang='grc' dir='ltr'><em>Ἄρηι</em></span> <span class='ocrx_word' id='word_1_168' title='bbox 839 3657 1091 3759; x_wconf 88' lang='grc' dir='ltr'><em>πτολιπόρθιο,</em></span> 
     </span>
     <span class='ocr_line' id='line_1_28' title="bbox 191 3777 1332 3883; baseline -0.002 -25"><span class='ocrx_word' id='word_1_169' title='bbox 191 3782 386 3883; x_wconf 83' lang='grc' dir='ltr'><em>Ἁρμονίην</em></span> <span class='ocrx_word' id='word_1_170' title='bbox 407 3781 451 3854; x_wconf 74' lang='grc' dir='ltr'><em>θ’</em></span> <span class='ocrx_word' id='word_1_171' title='bbox 478 3780 525 3875; x_wconf 82' lang='grc' dir='ltr'><em>ἣν</em></span> <span class='ocrx_word' id='word_1_172' title='bbox 549 3777 705 3875; x_wconf 82' lang='grc' dir='ltr'><em>Κάδμος</em></span> <span class='ocrx_word' id='word_1_173' title='bbox 731 3779 948 3876; x_wconf 80' lang='grc' dir='ltr'><em>ὑπέρθυμος</em></span> <span class='ocrx_word' id='word_1_174' title='bbox 973 3777 1059 3851; x_wconf 73' lang='grc' dir='ltr'><em>θέτ’</em></span> <span class='ocrx_word' id='word_1_175' title='bbox 1086 3780 1237 3859; x_wconf 89' lang='grc' dir='ltr'><em>άκοιτιν.</em></span> <span class='ocrx_word' id='word_1_176' title='bbox 1330 3861 1332 3864; x_wconf 18' lang='lat'><strong>⁴</strong></span> 
     </span>
    </p>
   </div>
   <div class='ocr_carea' id='block_1_6' title="bbox 138 4017 1302 4581">
    <p class='ocr_par' dir='ltr' id='par_1_8' title="bbox 138 4017 1302 4581">
     <span class='ocr_line' id='line_1_29' title="bbox 249 4017 1302 4122; baseline 0.005 -27"><span class='ocrx_word' id='word_1_177' title='bbox 249 4020 343 4119; x_wconf 77' lang='grc' dir='ltr'><em>Ζηνὶ</em></span> <span class='ocrx_word' id='word_1_178' title='bbox 368 4019 408 4095; x_wconf 80' lang='grc' dir='ltr'><em>δ’</em></span> <span class='ocrx_word' id='word_1_179' title='bbox 436 4019 500 4118; x_wconf 80' lang='grc' dir='ltr'><em>ἄρ’</em></span> <span class='ocrx_word' id='word_1_180' title='bbox 523 4019 705 4102; x_wconf 80' lang='grc' dir='ltr'><em>Ἀτλαντὶς</em></span> <span class='ocrx_word' id='word_1_181' title='bbox 731 4017 841 4113; x_wconf 89' lang='grc' dir='ltr'><em>Μαίη</em></span> <span class='ocrx_word' id='word_1_182' title='bbox 863 4022 942 4093; x_wconf 89' lang='grc' dir='ltr'><em>τέκε</em></span> <span class='ocrx_word' id='word_1_183' title='bbox 967 4017 1128 4116; x_wconf 88' lang='grc' dir='ltr'><em>κύδιμον</em></span> <span class='ocrx_word' id='word_1_184' title='bbox 1150 4023 1302 4122; x_wconf 80' lang='grc' dir='ltr'><em>Ἑρμῆν,</em></span> 
     </span>
     <span class='ocr_line' id='line_1_30' title="bbox 197 4136 1088 4237; baseline -0.001 -23"><span class='ocrx_word' id='word_1_185' title='bbox 197 4138 328 4237; x_wconf 75' lang='grc' dir='ltr'><em>κήρυκ’</em></span> <span class='ocrx_word' id='word_1_186' title='bbox 355 4136 573 4227; x_wconf 80' lang='grc' dir='ltr'><em>ἀθανάτων,</em></span> <span class='ocrx_word' id='word_1_187' title='bbox 601 4139 699 4233; x_wconf 87' lang='grc' dir='ltr'><em>ἱερὸν</em></span> <span class='ocrx_word' id='word_1_188' title='bbox 726 4137 826 4233; x_wconf 90' lang='grc' dir='ltr'><em>λέχος</em></span> <span class='ocrx_word' id='word_1_189' title='bbox 852 4139 1088 4233; x_wconf 79' lang='grc' dir='ltr'><em>ελςαναβᾶσα.</em></span> 
     </span>
     <span class='ocr_line' id='line_1_31' title="bbox 138 4255 1190 4355; baseline 0.004 -27"><span class='ocrx_word' id='word_1_190' title='bbox 138 4277 188 4329; x_wconf 77' lang='grc'><em>940</em></span> <span class='ocrx_word' id='word_1_191' title='bbox 201 4256 369 4355; x_wconf 80' lang='grc' dir='ltr'><em>Καδμείη</em></span> <span class='ocrx_word' id='word_1_192' title='bbox 396 4256 432 4331; x_wconf 74' lang='grc' dir='ltr'><em>δ’</em></span> <span class='ocrx_word' id='word_1_193' title='bbox 461 4256 534 4354; x_wconf 80' lang='grc' dir='ltr'><em>ἄρα</em></span> <span class='ocrx_word' id='word_1_194' title='bbox 556 4257 592 4329; x_wconf 83' lang='grc' dir='ltr'><em>οἱ</em></span> <span class='ocrx_word' id='word_1_195' title='bbox 616 4258 761 4351; x_wconf 88' lang='grc' dir='ltr'><em>Σεμέλη</em></span> <span class='ocrx_word' id='word_1_196' title='bbox 786 4257 865 4330; x_wconf 87' lang='grc' dir='ltr'><em>τέκε</em></span> <span class='ocrx_word' id='word_1_197' title='bbox 891 4255 1073 4354; x_wconf 90' lang='grc' dir='ltr'><em>φαίδιμον</em></span> <span class='ocrx_word' id='word_1_198' title='bbox 1095 4259 1190 4346; x_wconf 83' lang='grc' dir='ltr'><em>υἱὸν,</em></span> 
     </span>
     <span class='ocr_line' id='line_1_32' title="bbox 199 4372 1096 4477; baseline 0 -29"><span class='ocrx_word' id='word_1_199' title='bbox 199 4374 367 4473; x_wconf 75' lang='grc' dir='ltr'><em>μιχθεῖσ’</em></span> <span class='ocrx_word' id='word_1_200' title='bbox 396 4378 436 4450; x_wconf 93' lang='grc' dir='ltr'><em>ἐν</em></span> <span class='ocrx_word' id='word_1_201' title='bbox 462 4372 628 4472; x_wconf 89' lang='grc' dir='ltr'><em>φιλότητι</em></span> <span class='ocrx_word' id='word_1_202' title='bbox 655 4373 849 4449; x_wconf 83' lang='grc' dir='ltr'><em>Διώνυσον</em></span> <span class='ocrx_word' id='word_1_203' title='bbox 872 4376 1096 4477; x_wconf 86' lang='grc' dir='ltr'><em>πολυγηθέα.</em></span> 
     </span>
     <span class='ocr_line' id='line_1_33' title="bbox 204 4487 1087 4581; baseline -0.005 -21"><span class='ocrx_word' id='word_1_204' title='bbox 204 4487 377 4561; x_wconf 79' lang='grc' dir='ltr'><em>ἀθάνατον</em></span> <span class='ocrx_word' id='word_1_205' title='bbox 400 4492 522 4579; x_wconf 78' lang='grc' dir='ltr'><em>θνητὴ,</em></span> <span class='ocrx_word' id='word_1_206' title='bbox 544 4496 600 4560; x_wconf 82' lang='grc' dir='ltr'><em>νῦν</em></span> <span class='ocrx_word' id='word_1_207' title='bbox 622 4490 655 4558; x_wconf 74' lang='grc' dir='ltr'><em>δ’</em></span> <span class='ocrx_word' id='word_1_208' title='bbox 681 4487 869 4581; x_wconf 80' lang='grc' dir='ltr'><em>ἀμφότεροι</em></span> <span class='ocrx_word' id='word_1_209' title='bbox 891 4490 972 4561; x_wconf 82' lang='grc' dir='ltr'><em>θεοί</em></span> <span class='ocrx_word' id='word_1_210' title='bbox 993 4489 1087 4558; x_wconf 81' lang='grc' dir='ltr'><em>εἰσιν.</em></span> 
     </span>
    </p>
   </div>
   <div class='ocr_carea' id='block_1_7' title="bbox 0 0 1444 4950">
    <p class='ocr_par' dir='ltr' id='par_1_9' title="bbox 0 0 1444 4950">
     <span class='ocr_line' id='line_1_34' title="bbox 0 0 1444 4950; baseline 0 0"><span class='ocrx_word' id='word_1_211' title='bbox 0 0 1444 4950; x_wconf 95' lang='lat' dir='ltr'><em> </em></span> 
     </span>
    </p>
   </div>
  </div>
 </body>
</html>
