2880 4950
614 222 826 286 ..19-

163 385 305 483 ,όηρόν
320 389 404 489 γάρ
428 387 643 487 μάρναντο,
665 389 782 472 πόνον
805 390 993 491 θυμαλγέ’
1022 394 1178 487 ἔχοντες,

129 523 180 574 666
198 507 346 601 Τιτῆνές
371 536 411 581 τε
435 505 607 588 θεοὶχκαὶ
632 505 713 580 ὅσοι
739 506 887 603 Κρόνου
909 509 1127 609 ἐξεγένοντο,
1232 569 1233 572 ,

187 623 318 700 ἀντίον
342 623 531 721 ἀλλήλοισι
553 624 616 699 ὐιά
639 625 818 722 κρατερὰς
844 624 1018 720 ὑσμίνας·
1054 722 1055 725 ¹

188 741 223 813 οἱ
247 741 318 838 μὲν
331 743 416 842 ,ἀφ’
442 743 587 842 ὑψηλῆς
604 742 770 838 Ὄθρυος
800 749 949 838 Τιτῆνες
976 725 1126 845 ἀγαυοὶ,

186 860 222 932 οἱ
248 859 290 934 δ’
315 860 381 960 ἀρ’
408 861 479 936 ἀπ’
509 858 726 956 Οὐλύμποιο
751 859 850 953 θεοῖ,
877 860 1039 961 ὑωτῆρες
1065 862 1174 953 ἐάων,
1253 910 1255 912 -

187 977 251 1060 οὐς
276 979 378 1054 τέκεν
403 975 570 1075 ἠύκομος·
582 978 676 1074 Ῥείη
701 977 836 1078 Κρόνῳ
863 979 1073 1076 εὐνηθεῖσα.
1140 1027 1142 1030 <

125 1099 175 1153 636
191 1091 223 1153 οῖ
240 1087 282 1171 ῥα
299 1090 367 1155 τότ’
390 1090 550 1174 ἀλλήλοισι
569 1091 673 1172 μάχην
691 1089 853 1172 θυμαλγέ’
874 1091 994 1172 ἔχοντες

187 1183 337 1262 συνεχέως
356 1182 507 1263 ἐμάχοντο
525 1185 603 1247 δέκα
622 1185 745 1256 πλείους
763 1183 932 1257 ἐνιαυτούς.

168 1271 266 1336 6666
280 1297 327 1347 τις
345 1267 384 1357 ῆν
403 1275 505 1358 ἴριδος
519 1281 658 1357 χαλεπῆς
677 1274 764 1349 λύσις
785 1273 857 1338 οὐδὲ
876 1279 1000 1358 τελευτή

189 1363 372 1446 οὐδετέροις,
394 1363 462 1429 ἶσον
482 1368 516 1430 ὑὲ
532 1368 618 1441 τέλος
638 1368 746 1432 τέτατο
764 1370 938 1449 πτολέμοιο.

187 1461 272 1535 ἀλλ’
301 1463 361 1537 ὅτε
387 1463 434 1559 δὴ
461 1463 612 1540 κείνοισι
637 1464 867 1564 παρέσχεθεν
891 1464 1036 1564 ἀρμενα
1060 1463 1198 1555 πάντα,

123 1599 174 1650 660
188 1578 320 1679 νέκταρ
346 1580 387 1655 τ’
411 1581 623 1683 ἀμβροσίην
647 1613 700 1675 τε,
715 1574 841 1680 τάπερ
867 1583 952 1656 θεοῖ
974 1581 1083 1656 αὐτοὶ
1108 1581 1248 1671 έύουσι,

184 1695 338 1774 πάντων
361 1702 402 1773 ἐν
428 1697 628 1795 στήθεσσιν
654 1700 775 1784 ἀέξετο
802 1700 928 1796 θυμὸς
950 1698 1111 1801 ἀγήνωρ.
1163 1700 1164 1705 ’

186 1811 228 1884 ὡς
246 1812 357 1888 νέκταρ
378 1809 410 1873 6'
432 1814 588 1878 ἐπάσαντο
608 1815 660 1877 καὶ
680 1810 856 1894 ἀμβροσίην
874 1813 1041 1893 ἐρατεινήν,

183 1907 231 2004 δὴ
256 1904 339 1982 τότε
364 1913 441 1992 τοῖς
466 1908 628 2005 μετέειπε
652 1909 773 2009 πατὴρ
800 1906 952 2005 ἀνύραῖν
977 1938 1025 1982 τε
1040 1913 1146 1984 θεαῖν
1170 1935 1227 1982 τε·

233 2026 397 2101 Κέκλυτέ
416 2056 501 2123 μευ,
525 2027 639 2124 Γαίης
664 2058 703 2102 τε
728 2027 790 2101 καὶ
819 2026 995 2123 Οὐρανοῦ
1020 2026 1141 2128 ἀγλαοὶ
1166 2025 1287 2118 τέκνα,

123 2163 174 2214 666
188 2143 278 2243 ὄφρ’
303 2149 394 2218 ε’ίπω
419 2143 539 2241 τάμε
559 2148 686 2241 θυμὸς
711 2145 766 2222 ἑνὶ
791 2143 968 2240 στήθεσσι
992 2142 1136 2219 κελεύει.

184 2260 255 2356 ῆύη
280 2262 353 2363 γὰρ
379 2262 482 2358 μάλα
508 2263 624 2360 ὐηρὸν
647 2262 807 2338 ἐναντίοι
832 2259 1015 2356 ἀλλήλοισι
1172 2347 1174 2350 y
1203 2338 1206 2344 ¹

185 2379 286 2475 νίκης
310 2379 372 2453 καὶ
396 2378 547 2479 κράτεος
572 2381 653 2478 πέρι
677 2377 896 2479 μαρνάμεθ’
919 2379 1047 2474 ῆματα
1072 2375 1236 2473 πάντα,

188 2498 335 2593 Τιτῆνές
360 2527 399 2570 τε
424 2497 509 2571 θεοῖ
533 2496 597 2571 καὶ
621 2498 702 2571 ὅσοι
723 2497 872 2597 Κρόνου
899 2494 1161 2598 ἐκγενόμεσθα·

185 2615 290 2712 ὑμεῖς
317 2614 358 2690 (λε’
382 2613 548 2717 μεγάλην
571 2645 611 2689 τε
636 2615 726 2714 βίην
749 2616 813 2690 καί
835 2621 961 2713 χεῖρας
986 2611 1152 2698 ἀάπτους

122 2752 175 2805 656
188 2732 336 2833 φαίνετε
366 2731 580 2830 Τιτήνεσσιν
603 2736 772 2812 ἐναντίον
797 2738 837 2810 ἐν
857 2733 928 2810 όαῒ
949 2738 1078 2835 λυγρῇ,

183 2849 412 2948 μνησάμενοι
438 2850 631 2949 φιλότητος
656 2853 788 2947 ἐνηέος,
813 2851 908 2926 ὅσσα
933 2848 1120 2932 παθόντες

182 2972 218 3051 ε’ς
242 2966 338 3067 φάος
365 2966 422 3067 ἀφ
448 2968 640 3068 ἀφίκεσθε,
668 2969 879 3072 ὐυςηλεγέος
903 2967 975 3042 ἀπὸ
1002 2967 1179 3064 ὐεσμού,

183 3087 358 3185 ῆμετέρας
383 3087 446 3161 ὑιά
473 3087 615 3184 βουλάς
636 3087 710 3161 ὑπὸ
738 3085 857 3186 ζόφου
881 3085 1081 3186 ἠερόεντος.

225 3204 294 3286 Ὣς
320 3201 433 3302 φάτο,
459 3203 527 3278 τὸν
552 3204 591 3279 6²
613 3209 754 3288 ε”ξαύτις
776 3204 949 3302 ἀμείβετο
970 3200 1110 3284 Κόττος
1135 3202 1314 3302 ἀμύμων·

123 3341 174 3392 666
189 3318 371 3418 δαιμόνι’,
403 3321 471 3397 οὐκ
497 3320 643 3418 ἀόάητα
670 3320 905 3421 πιφαύσκεαι,
932 3319 1024 3395 ἀλλά
1038 3318 1114 3394 καὶ
1139 3321 1247 3398 αὐτοὶ

181 3439 290 3537 ἰ’ὐμεν
315 3440 337 3512 ὅ
360 3469 418 3514 τοι
442 3439 525 3538 περὶ
549 3439 619 3534 μὲν
642 3439 832 3536 πραπίύες,
858 3439 941 3538 περὶ
966 3438 1005 3513 θ’
1033 3437 1111 3512 ἐστὶ
1135 3437 1271 3538 νόημα,

184 3556 321 3656 ἀλκτὴρ
347 3556 386 3630 6³
415 3556 662 3633 ἀθανάτοισιν
687 3557 777 3656 ἀρῆς
801 3559 904 3660 γένεο
929 3561 1108 3655 κρυεροῖο.
1189 3612 1191 3615 .
1227 3598 1230 3600 -

181 3677 351 3775 ἀφορρον
375 3674 415 3750 θ’
443 3678 597 3764 ἐξαῦτις,
624 3674 845 3769 ἀμειλίκτων
870 3674 942 3748 ἀπὸ
969 3674 1131 3767 όεσμαῖν,

187 3800 293 3886 σῇσιν
310 3796 605 3891 ιε’πιφροσυνῆσιν
629 3792 702 3866 ὑπὸ
729 3789 847 3890 ζόφου
873 3791 1067 3891 ἠερόεντος7

123 3929 174 3981 660
187 3909 391 4006 ἠλύθομεν,
417 3911 566 4010 Κρόνου
591 3909 647 3985 υἱὲ
673 3910 780 4000 ἄναξ,
808 3910 995 3986 ἀνάελπτα
1020 3908 1216 3992 παθόντες.

184 4035 239 4125 τῷ
263 4028 326 4103 καὶ
347 4037 422 4107 ,νὺν
448 4031 570 4106 ἀτενεῖ
591 4059 629 4103 τε
654 4025 730 4125 νόῳ
755 4029 819 4101 καὶ
844 4026 1016 4128 ἐπίφρονι
1041 4031 1160 4125 βουλῆ

185 4146 379 4244 ῥυσόμεθα
405 4147 539 4247 κράτος
564 4149 663 4246 ὑμὸν
688 4151 728 4222 ἐν
754 4151 837 4240 αὶνῆ
864 4146 1040 4243 όηιότητι,

184 4264 415 4363 μαρνάμενοι
446 4273 596 4360 Τιτῆσιν
621 4265 693 4340 ἀνά
720 4265 898 4363 κρατερὰς
924 4264 1092 4363 ὑσμίνας.
1193 4267 1197 4336 j

165 4440 176 4454 .
226 4384 295 4467 Ὣς
321 4382 430 4482 φάτ’·
459 4385 643 4478 ἐπῄνησαν
670 4382 710 4455 ὑὲ
734 4385 829 4474 θεοὶ,
857 4385 1018 4480 ὑωτῆρες
1045 4379 1155 4466 ἑάων,
1236 4469 1239 4472 ἦ

123 4519 173 4570 666
187 4506 317 4596 μῦθον
344 4503 583 4582 ἀκούσαντες·
610 4501 771 4596 πολέμου
798 4501 835 4575 θ’
864 4500 1036 4574 ἐλιλαίετο
1063 4497 1188 4591 θυμὸς

1075 4616 1118 4673 2ss
