2880 4950
463 1377 737 1452 PRAEFATIO
764 1375 999 1452 EDITORIS.

631 1588 830 1598 ....-.--—-—

232 1713 357 1822 Cum
374 1741 464 1839 quid
493 1741 538 1812 de
562 1740 717 1838 pristino
743 1736 978 1839 Theogoniae
1003 1739 1210 1815 Hesiodeae
1238 1756 1335 1818 statu
1401 1764 1404 1768 ’

129 1895 301 1968 sentirem
336 1893 375 1965 111
415 1886 593 1990 peculiari
628 1890 934 1963 commentatione
969 1890 1179 1967 academica
1217 1890 1336 1994 nuper

128 2044 179 2118 ita
206 2043 474 2142 exposuissem,
501 2052 542 2113 ut
569 2038 736 2113 codicum
762 2038 873 2113 fidem
900 2038 948 2114 ad
974 2031 1117 2116 textum
1143 2044 1335 2119 restituen-
1376 2023 1381 2030 ⁴

129 2195 218 2269 dum
246 2194 413 2268 sufficere
440 2191 658 2281 iudicarem,
685 2188 885 2262 dummodo
912 2190 957 2262 de
984 2190 1148 2266 Hesiodo
1175 2195 1235 2267 vel
1262 2194 1334 2270 alio

129 2345 239 2418 unius
254 2343 427 2417 carminis
443 2342 520 2415 solo
535 2351 683 2413 auctore
697 2339 880 2447 somniare
893 2338 1153 2437 desineremus,
1168 2343 1265 2418 hanc
1275 2373 1335 2422 me

129 2494 348 2567 sententiam
368 2494 601 2565 firmatmum
625 2488 796 2564 essehoc
823 2490 903 2588 ipso
925 2504 1029 2565 textu
1055 2494 1215 2570 confisus
1242 2525 1335 2594 sum,

128 2669 239 2742 quem
276 2669 395 2742 neque
428 2642 661 2740 stropharum
693 2639 873 2713 divisione
905 2668 1024 2740 neque
1051 2647 1336 2724 correctionibus

129 2791 292 2868 obelisve
323 2805 499 2867 vexatum
531 2790 757 2864 eruditorum
788 2791 950 2864 examini
976 2790 1140 2867 subiicio.
1194 2795 1337 2887 Quodsi

130 2940 170 3014 O.
197 2940 238 3014 F.
267 2941 579 3033 Schoemannum,
614 2940 737 3012 virum
769 2938 814 3010 de
846 2938 1031 3017 Hesiodea
1065 2949 1168 3045 poesi
1200 2940 1336 3046 optime

128 3092 312 3186 meritum,
336 3090 592 3190 Theogoniam
612 3103 776 3165 nostram
796 3102 837 3163 ut
851 3092 960 3164 unius
981 3108 1110 3191 poetae
1129 3124 1278 3174 carmen
1291 3127 1338 3175 ex

130 3267 174 3314 66
198 3243 279 3341 ipsa
307 3256 472 3317 vetustae
498 3241 619 3342 poesis
646 3240 793 3313 officina
812 3240 946 3334 Attica,
973 3268 1018 3314 ex
1046 3272 1120 3342 qua
1139 3247 1337 3324 Homerica

131 3417 277 3490 quoque
310 3394 475 3466 carmina
507 3393 661 3466 collecta
695 3403 804 3489 atque
831 3391 973 3490 digesta
999 3395 1088 3468 olim
1114 3398 1336 3496 prodierant,

130 3538 328 3616 deduxisse
348 3568 424 3616 non
443 3544 584 3640 ignoro,
610 3542 910 3640 compositionem
935 3544 1084 3641 quidem
1104 3544 1338 3646 Theogoniae

133 3691 245 3762 aetati
272 3705 308 3763 et
335 3693 504 3766 officinae
530 3692 588 3765 illi
615 3690 739 3764 deberi
764 3691 884 3764 libens
913 3704 948 3764 et
975 3693 1053 3792 ipse
1080 3697 1259 3792 conced03
1291 3698 1336 3771 de

133 3841 339 3938 carminum
366 3855 489 3916 autem
516 3869 610 3942 quae
637 3843 676 3914 in
698 3841 912 3938 Theogonia
939 3844 1171 3919 continentur
1197 3849 1338 3948 origine

134 3991 240 4064 aliter
267 3992 401 4064 sentire
428 4019 488 4066 mc
514 3993 642 4068 iubent
669 3991 824 4084 diversa,
851 4016 936 4064 cum
957 3993 1112 4068 Hesiodi
1134 3997 1337 4072 aliorumve

133 4155 340 4242 poetarum,
371 4155 451 4216 turn
484 4142 734 4242 compositoris
767 4139 970 4217 Pisistratei
1001 4148 1234 4246 censorisque
1267 4149 1339 4247 ipsi

135 4294 299 4392 aequalis
328 4293 493 4391 vestigia.
535 4292 593 4391 Igi
610 4320 653 4365 111
679 4293 718 4364 111
744 4318 841 4365 nova
863 4292 1097 4394 Theogoniae
1124 4297 1194 4370 hac
1215 4323 1339 4372 recen-

135 4444 237 4517 sione
250 4443 404 4518 Hesiodi
426 4446 654 4542 aliorumque
673 4455 864 4540 poetarum
884 4444 1047 4517 carmina
1067 4472 1119 4538 ea,
1140 4474 1185 4520 cx
1206 4449 1338 4548 quibus
