2880 4950
633 204 847 268 ...20-

203 382 347 471 μάλλον
372 373 425 446 ἔτ’
452 372 475 468 ἢ
500 370 714 466 τοπάροιθε.
742 373 868 467 μάχην
893 372 934 445 δ’
962 372 1173 474 ἀμέγαρτον
1198 377 1343 476 ἐγειραν

208 490 356 580 πάντες,
382 488 530 586 θῆλειαί
555 519 592 562 τε
617 489 680 562 καὶ
703 490 862 587 ἄρσενες,
887 490 1001 586 ῆματι
1023 489 1145 589 κείνφ,

213 611 359 705 Τιτῆνές
385 639 423 682 τε
450 607 534 683 θεοὶ
558 607 621 681 καὶ
647 608 726 682 ὅσοι
751 606 900 706 Κρόνου
920 609 1139 710 ἐξεγένοντο,
1238 666 1243 673 -

209 730 274 812 οὕς
299 758 338 802 τε
364 727 459 810 Ζεύς
481 727 697 825 Ἐρέβεσφιν
722 726 796 799 ὑπὸ
818 725 962 820 χθονὸς
986 721 1050 822 ῆκε
1077 726 1236 827 φόωςάε,

148 865 198 917 670
212 845 328 922 ἀεινοί
352 874 391 919 τε
416 845 588 944 κρατεροί
611 874 663 935 τε,
691 843 780 941 βίην
806 843 1013 942 ὑπέροπλον
1039 849 1190 942 ἔχοντες.

210 966 273 1024 τῶν
292 959 401 1023 ἑκατὸν
419 963 476 1038 μέν
491 967 590 1039 χεῖρες
610 956 667 1020 ἀπ’
689 955 783 1035 ὤμων
803 955 950 1022 ἀίσσοντο

210 1057 306 1115 πᾶσιν
325 1051 418 1131 ὁμῶς,
439 1053 571 1135 κεφαλαί
592 1053 626 1114 δέ
644 1050 765 1135 ἑκάστῳ
784 1049 974 1131 πεντήκοντα

212 1147 244 1218 ἐξ
263 1141 356 1222 ὤμων
374 1144 527 1226 ἐπέφυκον
546 1144 594 1206 ἐπὶ
615 1148 792 1223 στιβαροῖσι
811 1144 962 1220 μέλεσσιν.

210 1423 246 1492 οἵ
270 1413 353 1492 τότε
383 1412 572 1510 Τιτήνεσσι
594 1414 824 1490 κατέσταθεν
849 1418 889 1490 ἐν
915 1414 983 1489 δαῒ
1007 1424 1133 1519 λυγρῇ,

148 1555 198 1608 675
212 1537 346 1633 πέτρας
371 1530 570 1630 ἠλιβάτους
596 1535 772 1630 στιβαρῆς
799 1537 839 1608 ἐν
861 1533 989 1631 χερσὶν
1015 1538 1168 1631 ἔχοντες.

217 1661 365 1748 Τιτῆνες
391 1648 429 1724 (λ’
459 1651 642 1745 ἑτέρωθεν
668 1649 918 1748 ἐκαρτύναντο
945 1652 1140 1756 φάλαγγας

209 1769 459 1870 προφρονέως,
482 1776 619 1866 χειρῶν
644 1799 682 1842 τε
707 1770 792 1867 βίης
816 1769 861 1842 θ’
889 1770 968 1866 ἄμα
995 1774 1104 1874 ἔργον
1125 1775 1279 1869 ἔφαινον

210 1886 427 1986 ἀμφότεροι.
465 1885 590 1962 δεινὸν
615 1886 656 1961 ἀέ
681 1888 829 1986 περίαχε
854 1887 988 1972 πόντος
1014 1891 1189 1989 ἀπείρων,

209 2015 257 2107 γῆ
283 2004 325 2080 δέ
345 2005 431 2107 μέγ’
458 2002 724 2105 ἐσμαράγησεν,
753 2005 915 2081 ἐπέστενε
943 2005 982 2081 θ’
1012 2008 1170 2105 οὐρανὸς
1196 2007 1306 2104 εὐρύς

146 2143 196 2196 εευ
211 2120 407 2219 σειόμενος,
433 2121 594 2197 πεδόθεν
617 2122 655 2196 θ’
684 2119 892 2197 ε’τινάσσετο
918 2125 1060 2223 μακρὸς
1078 2125 1268 2221 Ὄλυμπος

210 2251 294 2341 ῥιπῇ
320 2241 385 2317 ὑπ’
414 2239 637 2316 ἀθανάτων·
664 2242 781 2322 ἐνοσις
807 2239 845 2314 δ’
871 2245 974 2318 ἵκανε
998 2246 1132 2342 βαρεῖα

215 2360 411 2459 Τάρταρον
436 2357 608 2458 ἠερόεντα
633 2359 774 2447 ποάαλν,
803 2363 925 2435 αἰπεῖα
951 2362 990 2434 τ’
1018 2362 1086 2459 λωῆ

209 2481 370 2554 ἀσπέτου
395 2483 550 2573 ἰωχμοῖο
576 2475 730 2573 βολάων
754 2506 794 2550 τε
818 2478 1044 2577 κρατεράων,

209 2598 260 2680 τός
285 2594 349 2693 ἄρ’
376 2595 436 2668 ἐπ’
465 2595 630 2690 ἀλλήλοις
654 2597 760 2670 ἵεσαν
784 2595 894 2692 βέλεα
921 2596 1129 2674 στονόεντα.
1151 2688 1154 2695 Ι

147 2740 197 2791 685
213 2715 319 2815 φωνὴ
347 2713 384 2789 θ’
410 2712 635 2812 ἀμφοτέρων
659 2712 749 2786 ἵκετ’
778 2713 941 2812 οὐρανὸν
967 2717 1186 2816 ἀστερόεντα

204 2833 450 2929 κεκλομένων
477 2834 512 2906 οἱ
537 2830 578 2906 ἀέ
604 2829 757 2916 ξύνισαν
781 2831 932 2934 μεγάλῳ
958 2834 1138 2932 ἀλαλητῷ.
1183 2903 1186 2909 f

209 2951 293 3027 οὐδ’
322 2951 389 3050 ἄρ’
416 2953 469 3024 ἐτι
494 2950 591 3032 Ζεύς
615 2949 718 3044 ἴσχεν
744 2951 806 3026 ἑὸν
829 2953 953 3046 μένος,
979 2951 1072 3027 ἀλλά
1097 2982 1145 3028 νυ
1171 2981 1257 3055 τογε

185 3069 318 3167 εἶθαρ
343 3067 414 3163 μὲν
436 3069 561 3163 μένεος
587 3075 723 3162 πλῆντο
751 3068 891 3165 φρένες,
917 3074 957 3144 ἐκ
983 3071 1029 3146 ιλέ
1046 3101 1087 3145 τε
1112 3079 1238 3147 πᾶσαν

208 3192 318 3287 φαῖνε
333 3188 431 3286 βίην.
447 3184 582 3282 ἄμυάις
601 3185 640 3261 θ’
653 3184 716 3282 ἄρ’
734 3185 799 3259 ἀπ’
817 3188 980 3286 ούρανοῦ
991 3190 1053 3286 ῆιῖ
1070 3189 1135 3263 ἀπ’
1145 3187 1338 3288 Ὀλύμπου

145 3327 196 3378 690
210 3304 435 3404 ἀστράπτων
460 3307 593 3398 ἐστειχε
620 3302 855 3397 συνωχαδόν·
884 3309 920 3379 οἱ
941 3307 982 3382 ἀὲ
1005 3308 1178 3406 κεραυνοὶ

208 3428 315 3520 ἰ’κταρ
342 3422 422 3517 ἅμα
446 3423 587 3519 βροντῇ
612 3450 651 3494 τε
677 3421 739 3494 καὶ
764 3421 933 3521 ἀστραπῇ
959 3421 1001 3498 εύ
1025 3427 1199 3500 ποτέοντο

203 3540 325 3639 χειρὸς
352 3539 424 3614 ἀπὸ
453 3542 641 3637 στιβαρῆς,
668 3539 769 3637 ἱερὴν
795 3539 917 3644 φλόγα
942 3542 1196 3642 εἰλυφόωντες,

206 3661 377 3759 ταρφέες·
404 3658 504 3757 ἀμφὶ
528 3657 570 3733 δέ
593 3665 684 3759 γαῖα
710 3660 902 3759 φερέσβιος
927 3660 1186 3762 ἐσμαράγιζεν

206 3779 393 3875 καιομένη,
419 3774 504 3850 λάκε
531 3775 569 3850 θ’
597 3777 695 3876 ἀμφὶ
719 3780 810 3879 πυρὶ
834 3779 968 3882 μεγάλ’
996 3780 1151 3863 ἄσπετος
1175 3781 1254 3879 ὕλη.

143 3919 193 3969 εστ
208 3898 277 3986 ἐζει
303 3896 344 3971 ἀέ
365 3893 479 3990 χθαλν
503 3901 604 3968 πᾶσα
628 3895 691 3968 καὶ
713 3896 902 3973 Ὠκεανοῖο
928 3899 1062 3995 ῥέεθρα

204 4013 337 4095 πόντος
358 4014 395 4086 τ’
422 4009 638 4113 ἀτρύγετος·
665 4015 752 4096 τούς
778 4015 818 4088 (λ’
845 4014 991 4113 ἄμφεπε
1019 4017 1158 4113 θερμὸς
1183 4017 1310 4117 ἀϋτμὴ

208 4139 363 4227 Τιτῆνας
386 4129 580 4224 χθονίους,
609 4131 703 4227 φλόξ
727 4131 767 4206 (λ’
793 4132 881 4230 ῆέρα
908 4133 995 4210 δῖαν
1019 4139 1147 4210 ἵκανεν
1192 4190 1218 4217 2

124 4264 126 4268 ’
204 4253 372 4341 ἄσπετος,
399 4248 484 4321 ὄσσε
510 4246 549 4320 (λ’
578 4246 714 4344 ἄμεράε
739 4251 803 4323 καὶ
829 4251 1003 4350 ἰφθίμων
1028 4282 1094 4349 περ
1120 4252 1261 4329 ἐόντων

202 4369 297 4472 αύγῆ
320 4364 585 4466 μαρμαίρουσα
610 4378 793 4462 κεραυνοῦ
817 4401 856 4444 τε
883 4379 1057 4469 στεροπῆς
1082 4402 1131 4445 τε.
1167 4392 1179 4461 ι
1266 4432 1278 4446 .

138 4507 188 4560 ⁷00
203 4497 340 4583 Καῦμα
366 4487 407 4562 ἀὲ
432 4483 629 4560 θεσπέσιον
654 4484 805 4584 κάτεχεν
829 4487 950 4573 Χάος·
978 4493 1101 4566 εἴσατο
1129 4491 1154 4564 ἀ
1160 4491 1169 4516 ³
1198 4491 1296 4567 ἄντα
