2880 4950
633 203 844 269 ..38-

137 370 325 433 Ruhnkenins
350 374 509 433 coniecerat
533 371 729 432 ἐπινίσσεται.
807 374 865 433 804
891 367 990 446 εἲρέας
1017 369 1100 428 codd.
1127 388 1225 428 omnes
1250 377 1278 426 et
1303 369 1343 427 ita

138 461 343 542 (1.1..εέ’ραις
370 466 485 525 Ruhnk.
505 465 594 524 Wolf.
613 464 702 524 Dind.
727 456 811 539 εέρας
835 461 866 532 ἐς
880 463 966 532 coni.
992 463 1090 521 Herm.
1169 466 1226 524 806
1246 455 1282 520 τά
1304 456 1341 520 θ’

133 554 200 631 ἵησι
220 557 306 616 Dind.
328 561 363 619 G.
382 561 416 618 L.
436 578 489 636 pro
508 560 623 634 vulgato
643 552 723 617 τόδ’.
784 554 863 615 κατά
884 556 1039 636 στυφελοῦ
1056 557 1120 614 Por.
1135 557 1229 633 Etym.
1243 558 1285 614 M.
1307 556 1343 614 cf.

137 648 223 708 Hom.
244 651 282 708 H.
302 653 391 711 Merc.
413 655 477 712 124.
836 682 838 686 ·

161 782 164 787 ’
214 774 293 832 ΧΙΠ.
333 778 496 836 820-880.
536 775 576 832 Ut
600 772 733 831 insititios
760 795 795 832 ex
819 774 908 832 altera
931 771 1095 831 recensione
1122 792 1219 831 versus
1239 773 1269 829 in
1288 772 1344 830 hac

99 930 113 949 .
139 867 264 925 sectione
284 868 379 925 notavi
398 872 456 929 828
474 871 532 929 842
552 869 609 928 843
628 867 755 927 852860
773 868 831 927 868
850 885 908 924 una
927 885 991 923 cnm
1011 865 1199 924 hemistichiis
1211 884 1342 922 versuum

137 961 195 1019 872
207 961 286 1020 873.’
313 962 371 1021 825
391 961 426 1019 61.
448 964 609 1035 κρατεροῖο
630 952 808 1036 δράκοντος.
847 961 904 1019 826
923 957 959 1016 61.
980 952 1181 1034 λελειχμότος.
1221 955 1253 1016 ἐν
1267 953 1304 1015 δέ
1315 955 1343 1017 οἱ

136 1043 240 1110 ὅσσων
259 1053 332 1111 coni.
353 1054 492 1132 Heynius
551 1055 608 1112 828
627 1052 804 1112 secluserunt
822 1049 936 1108 Ruhnk.
958 1051 1044 1110 Wolf.
1066 1053 1101 1111 G.
1151 1052 1199 1110 u‘lii
1220 1048 1344 1110 πασέων

138 1142 171 1202 ἐκ
191 1146 235 1202 rel
255 1143 287 1204 ἐκ
307 1142 440 1222 ἶταοελυν.
498 1146 555 1206 830
575 1136 630 1224 dep’
652 1139 742 1202 ἱεῖσαι
762 1144 830 1203 Vl.
850 1144 914 1202 Par.
927 1149 952 1204 1.
974 1138 1046 1203 ὅστ’
1069 1141 1159 1219 ἱεῖσαι
1178 1146 1202 1203 P
1218 1149 1246 1204 2.
1267 1147 1300 1203 Μ
1316 1149 1342 1204 1.

138 1236 292 1315 vulgatum
312 1231 364 1297 ὄπ’
385 1237 476 1297 (εἴσαι
501 1237 625 1295 retinent
643 1237 676 1296 G.
697 1238 731 1295 L.
752 1237 860 1295 scilicet
883 1246 915 1295 ut
934 1238 1083 1296 Aeolicum
1103 1234 1245 1316 praestare
1264 1237 1343 1296 vide·

137 1333 222 1390 betur
234 1330 410 1408 Goettlingio
425 1332 605 1390 coniecturae
619 1349 687 1389 suae
707 1323 771 1405 ὄπ’,
791 1324 923 1390 άκούσαι
944 1327 1137 1411 άθέσφατον.
1196 1322 1341 1399 8311341’

137 1425 245 1485 ἐνεοῖσι
266 1424 340 1483 coni.
360 1425 458 1483 Herm.
537 1426 593 1485 835
614 1423 650 1481 61.
671 1415 820 1498 θαύματ”
838 1419 972 1482 ἰδέσθαι.
1036 1424 1183 1500 vulgatum
1203 1417 1341 1500 ῥοίζασγ’

137 1517 216 1595 quod
240 1518 342 1575 retinet
359 1519 394 1575 L.
415 1519 534 1576 mutavit
554 1518 590 1576 G.
611 1537 645 1575 ex
665 1515 749 1574 codd.
876 1519 933 1577 836
952 1521 1009 1578 837
1030 1517 1156 1575 diversae
1185 1515 1342 1575 recensioni

134 1611 236 1668 tribuit
254 1611 353 1668 Herm.
372 1604 469 1687 ἤματ’
492 1609 594 1691 ἐκείνῳ
614 1612 677 1669 Vl.
770 1612 827 1670 843
848 1606 1052 1685 ἐπεστενάχιζε
1072 1610 1106 1667 L.
1127 1627 1190 1666 cum
1211 1611 1341 1686 vulgata3

134 1705 170 1762 61.
184 1698 411 1778 ύπεστονάχιζε,
431 1697 640 1778 ἐπεστονάχιζε
653 1703 697 1760 661
710 1694 920 1776 ὑπεστενάχιζε
942 1703 1020 1780 qnod
1040 1702 1172 1779 adoptavi
1186 1723 1250 1761 cnm
1268 1705 1303 1762 G.

134 1799 192 1856 848
206 1790 393 1874 πρηστήρων
405 1791 436 1855 τ’
453 1792 574 1871 άνέμων
587 1816 619 1854 τε
639 1797 673 1854 L.
694 1815 759 1853 cum
772 1796 887 1872 vulgata
907 1804 935 1852 et
954 1795 1051 1853 multis
1069 1795 1225 1855 codicibus.
1267 1796 1342 1876 φ’λο·

135 1883 257 1967 γόεντος
276 1890 349 1949 Μ3.
427 1891 540 1971 84761.
560 1884 604 1960 {Ze
625 1886 713 1964 πυρλ,
738 1888 814 1946 unde
840 1887 876 1963 ζῆ
897 1885 930 1945 de*
955 1887 1028 1963 πυρὶ
1054 1890 1091 1948 ad
1117 1909 1245 1947 normam
1265 1891 1342 1949 verbi

136 1975 212 2054 ἕπλη
233 1990 261 2040 et
280 1982 413 2040 similium
440 1974 549 2040 effinhit
568 1981 603 2039 G.
681 1983 739 2042 850
756 1982 790 2039 61.
807 1977 912 2056 Ἀ’ἐδης
932 1977 974 2038 d‘.
1004 1981 1151 2059 legebatur
1172 1982 1255 2041 etiam
1276 1980 1342 2060 τρέε

137 2068 289 2149 0’Ἀί’3“ης.
348 2079 406 2136 852
422 2084 455 2133 ut
470 2074 623 2132 insititinm‘
635 2075 744 2132 notavit
752 2073 850 2131 Herm.
910 2073 968 2133 858
977 2073 1014 2131 61.
1026 2072 1180 2148 γυρωθεές
1189 2077 1234 2134 vel
1243 2095 1341 2152 γυρω-

27 2207 28 2210 ¹
136 2163 234 2235 οθείς.
273 2161 595 2244 86οἈἐτνηςΤπεῐτεε.
636 2170 693 2228 863
713 2164 895 2245 κασσίτερος
915 2159 957 2234 ὣς
976 2165 1063 2225 Dind.
1084 2168 1163 2244 quod
1182 2170 1286 2246 probst
1306 2171 1341 2228 G.

136 2258 242 2321 notatis
261 2279 326 2316 cnm
343 2262 442 2320 Herm.
457 2270 490 2319 ut
503 2282 536 2319 ex
552 2261 608 2319 alio
625 2260 790 2319 recensione
809 2259 944 2336 proiectis
959 2261 1016 2319 865
1031 2263 1098 2320 866.
1156 2265 1213 2323 866
1233 2261 1341 2340 τήκετο

137 2349 170 2413 o’
191 2357 226 2414 M
241 2358 269 2415 s.
346 2357 403 2415 sor
429 2354 572 2412 damnavit
590 2354 705 2413 suns.
784 2356 841 2414 sos
867 2352 983 2411 camno
1005 2354 1040 2412 o.
1066 2353 1097 2410 6
1121 2355 1206 2414 noos.
1283 2360 1343 2416 sco
1432 2338 1437 2345 '

131 2443 298 2526 Ἀργεστέω
308 2439 456 2525 Ζεφύρου
476 2467 508 2505 τε
523 2447 557 2505 G.
579 2467 642 2506 cum
664 2449 697 2506 M
710 2453 736 2507 1.
756 2450 782 2506 3.
803 2447 866 2505 Vat.
888 2439 1049 2522 άργεστάω
1064 2445 1213 2526 Ζεφύρου
1232 2470 1263 2507 τε
1277 2451 1340 2509 112.

137 2542 225 2600 Tuus.
246 2537 365 2614 Βορέου
391 2559 423 2596 τε
448 2537 500 2597 καὶ
524 2534 675 2615 άργέστου
696 2536 829 2617 ζεφύρου
855 2558 886 2596 τε
907 2538 977 2611 Vl,
1002 2538 1069 2597 item
1089 2541 1154 2599 Pur.
1180 2542 1235 2600 nisi
1263 2543 1342 2620 qnod

136 2626 289 2712 ζεφύροιο.
328 2631 483 2706 Vulgatum
508 2629 572 2689 καὶ·
591 2625 745 2707 ἀργέστεω
771 2625 929 2709 Ζεφύροιο
960 2641 1056 2690 tuetur
1080 2634 1211 2693 Schoem.
1236 2635 1283 2693 hic
1310 2647 1343 2694 ut

19 2720 24 2725 ’
137 2744 224 2803 supra
240 2744 280 2782 vs.
299 2727 365 2783 370.
414 2726 469 2782 871
490 2724 575 2802 γενεῇ
593 2724 627 2782 L.
648 2743 713 2781 cum
733 2723 856 2799 vulgata,
880 2721 963 2801 γενεὴ
985 2725 1020 2783 G.
1042 2746 1076 2784 ex
1094 2729 1224 2787 Emman.
1283 2733 1342 2790 872

137 2821 194 2879 873
212 2815 392 2877 hemistichia
410 2816 512 2874 horum
533 2836 664 2875 versuum
683 2815 850 2895 proscripsit
868 2817 967 2876 Herm.
1025 2823 1083 2880 872
1100 2817 1174 2894 μάψ
1196 2809 1290 2898 αὖραι
1305 2823 1341 2881 (1.

136 2933 170 2970 ex
189 2910 273 2969 codd.
294 2929 346 2988 pro
365 2909 480 2986 vulgato
499 2911 678 2988 μαψαῦραι.
757 2913 814 2970 873
833 2905 866 2968 d'
888 2904 956 2986 ἤτοι
976 2912 1073 2970 Herm.
1095 2913 1130 2971 G.
1150 2914 1184 2971 L.
1207 2933 1260 2990 pro
1279 2916 1341 2980 vul-

134 3013 201 3082 gato
228 2996 266 3078 δή
291 3021 348 3059 τοι.
383 3072 385 3076 ¹
425 3004 483 3061 874
507 2996 624 3061 θύουσι
647 3000 763 3082 θυέλλῃ
784 3005 913 3063 Emman.
991 3007 1049 3065 875
1068 2997 1176 3064 άλλοτε
1197 3001 1227 3063 d'
1250 3001 1341 3066 ἄλλαι

136 3090 216 3155 άεισι
241 3094 276 3153 G.
296 3095 330 3153 L.
370 3093 491 3153 Codices
515 3093 573 3152 fere
597 3114 695 3153 omnes
719 3097 826 3155 habent
851 3092 943 3155 άλλαι
968 3091 1068 3173 άησιν,
1096 3097 1148 3157 sed
1173 3091 1282 3156 άλλοτε
1308 3095 1339 3157 d'

136 3182 214 3268 άλλῃ
232 3181 329 3246 άεισιν
344 3174 450 3263 (Etym.
461 3187 504 3243 M.
522 3207 550 3263 p.
562 3188 611 3264 22)
623 3190 667 3246 661
683 3183 780 3248 άεΐσιν
791 3191 898 3266 (Schol.
915 3191 1024 3248 Townl.
1040 3190 1126 3248 Hom.
1145 3191 1180 3249 Il.
1191 3192 1215 3249 E
1226 3193 1295 3268 526)
1309 3203 1341 3250 ut

135 3282 284 3341 Aeolicum
305 3301 340 3339 es
359 3277 488 3337 Hesiodo
507 3279 596 3337 citant
616 3280 808 3340 Grammatici.
885 3287 942 3344 877
962 3280 1173 3342 συνάντωνται
1194 3285 1229 3343 G.
1249 3287 1284 3344 L.
1305 3307 1339 3344 eu

135 3375 219 3434 codd.
236 3375 341 3450 legitur
351 3372 434 3430 etium
452 3373 672 3442 συναντῶνται,
684 3376 894 3442 συναντιιῖντες
903 3375 971 3448 sive,
987 3383 1020 3432 ut
1027 3374 1123 3450 vulgo,
1138 3380 1339 3438 σσναντῶσιν.

211 3497 288 3555 XIV.
327 3498 488 3556 881-929.
528 3493 632 3552 Notavi
651 3505 683 3553 ut
698 3496 895 3574 compositoris
915 3495 1107 3554 additamenta
1126 3518 1223 3556 versus
1242 3503 1336 3561 881-

134 3593 191 3653 885
209 3591 377 3663 887-893,
401 3589 483 3647 alteri
502 3587 659 3646 recensioni
679 3591 795 3648 attribui
815 3594 886 3663 912,
910 3590 1099 3668 strophasque
1119 3591 1232 3650 ultimas
1251 3594 1339 3653 huius

133 3685 267 3746 sectionis
293 3683 458 3759 (924-926
483 3683 648 3760 927-929)
674 3693 707 3741 ut
730 3683 825 3742 minus
849 3683 1021 3741 necessarias
1045 3683 1081 3740 ab
1106 3685 1339 3746 antecedentibus

135 3777 254 3838 seiunxi.
332 3779 391 3836 884
410 3771 489 3852 Ζῆν’
512 3776 547 3834 G.
567 3777 602 3835 L.
627 3795 692 3834 cum
718 3776 819 3835 maiori
843 3776 973 3834 codicum
1000 3795 1134 3845 numero;
1160 3777 1228 3852 Ζῆν
1252 3778 1340 3838 habet

133 3873 204 3931 Ml.
224 3871 275 3946 Ζῆ
294 3871 317 3928 Ρ
334 3875 360 3930 1.
381 3868 429 3926 alii
448 3869 546 3945 Ζῆνα.
623 3873 680 3930 888
701 3867 739 3945 δή
755 3863 800 3948 ’ῥα
819 3865 932 3943 ἐμελλε,
950 3869 1099 3928 lectionem
1121 3869 1232 3944 Galem,
1252 3891 1337 3948 quam

134 3963 240 4022 habent
266 3963 349 4021 etiam
376 3963 488 4021 codices
513 3963 659 4037 nonnulli,
678 3963 781 4040 probet
799 3970 865 4039 post
884 3963 1019 4020 Wolfium
1039 3962 1216 4039 Lennepius;
1243 3958 1337 4044 ι1“η’ῥ’

132 4054 242 4135 ἤμελλε
263 4055 342 4113 dedit
361 4057 396 4119 G.
417 4076 481 4114 cum
501 4055 623 4131 vulgato.
683 4059 746 4116 890·
759 4048 927 4131 ἐγκάτθετο
949 4056 983 4114 G.
1005 4077 1038 4114 ex
1058 4055 1141 4114 codd.
1162 4064 1191 4114 et
1211 4056 1337 4128 Galeno;

133 4150 218 4211 ceteri
236 4143 414 4221 ἐςκάτθετο,
438 4157 470 4205 nt
495 4148 573 4206 dedit
590 4148 672 4207 etiam
693 4149 727 4205 L.
804 4150 861 4207 892
882 4142 1047 4225 φρασάτην
1066 4149 1164 4207 Herm.
1186 4149 1221 4207 G.
1241 4151 1275 4208 L.
1288 4202 1290 4206 .
1302 4171 1336 4210 ex

133 4243 217 4303 codd.
238 4240 324 4306 ceteri
342 4241 449 4299 habent
461 4241 606 4316 vulgatum
622 4235 812 4319 ἐφρασάτιγν.
871 4245 928 4301 893
947 4242 982 4298 al.
1003 4235 1075 4315 ἐχοι.
1126 4244 1191 4302 4895
1211 4239 1337 4320 πρώτην

133 4335 189 4410 μέν
208 4356 243 4393 en
262 4335 344 4394 codd.
366 4335 403 4393 G.
424 4335 457 4392 L.
478 4353 530 4411 pro
549 4334 664 4409 vulgato
684 4327 808 4408 πριύτην
820 4331 879 4410 γάρ
892 4335 936 4391 vcl
956 4330 1080 4409 πρώτην
1094 4333 1151 4408 μέν
1170 4327 1238 4410 γάρ,
1278 4340 1335 4397 899

133 4430 218 4506 vulgo
244 4424 409 4498 ἐςκάτθετο
436 4426 529 4485 etita
547 4427 580 4484 L.
659 4429 716 4485 000
735 4420 777 4494 ὡς
800 4422 844 4502 μὴ
865 4427 953 4484 Taur.
980 4425 1117 4502 probante
1138 4426 1173 4484 G.
1194 4422 1236 4496 ὡς
1256 4423 1284 4486 d'
1306 4425 1336 4487 oi

132 4519 354 4600 συμφράσαιτο
367 4521 501 4594 Galenus,
522 4511 563 4588 ιύς
577 4515 605 4577 οἱ
621 4516 863 4597 συμφράσσαιτο
877 4519 975 4577 Herm.
997 4519 1150 4596 Suspectus
1170 4520 1217 4578 hic
1237 4541 1335 4579 versus

316 4848 344 4891 Ι
