2880 4950
624 327 836 391 „10-

201 489 529 581 πεντηκοντακάρηνρν,
546 491 675 555 ἀναιδέα
694 515 727 555 τε
745 487 894 570 κρατερόν
914 512 955 550 τε·

201 585 241 651 τδ
263 585 373 674 τρίτον
387 583 509 674 Ὕδρην
530 577 625 663 αῦτις
644 583 792 671 ἐγείνατο
817 580 908 672 λύγρ’
934 581 1069 662 εἰδυῖαν,

201 686 380 775 Λερναίην,
402 678 443 774 ἣν
462 688 577 778 θρέψε
598 686 667 754 θεά
690 682 891 766 λευκώλενος
904 683 1004 773 Ἥρη,

139 804 190 856 315
202 781 351 876 άπλητον
372 789 533 858 κοτέουσα
554 791 613 878 βίη
631 785 845 878 Ἡρακληείῃ.

202 891 259 955 καί
279 889 339 978 την
358 892 420 975 μέν
442 893 529 973 Διδς
550 888 623 970 υίὸς
644 887 783 979 ἐνήρατο
805 887 901 980 νηλεϊ
918 891 1027 976 χαλκῷ

198 985 510 1082 Ἀμφιτρυωνιάδης
530 994 591 1061 σῦν
612 989 781 1082 ἀρηιφίλῳ
798 987 916 1078 Ἰολάῳ

197 1084 384 1182 ίΗρακλέης
403 1097 564 1186 βουλῇσιν
582 1091 764 1183 Ἀθηναίης
786 1090 948 1182 ἀγελείης.

269 1190 319 1261 ‘H
337 1197 375 1265 δὲ
397 1195 570 1285 Χίμαιραν
591 1195 696 1264 ἔτικτε
717 1195 885 1265 πνέουσαν
907 1187 1135 1277 ἀμαιμάκετον
1158 1193 1235 1278 πῦρ,

139 1313 191 1365 320
203 1293 316 1386 δεινήν
336 1325 373 1366 τε
393 1296 541 1388 μεγάλην
560 1325 606 1382 τε,
629 1295 787 1368 ποδώκεά
808 1323 845 1365 τε
867 1291 1026 1385 κρατερήν
1046 1318 1093 1359 τε.

201 1402 262 1486 τῆς·
283 1395 317 1465 δ’
340 1391 381 1486 ἦν
401 1407 488 1490 τρεῖς
507 1400 667 1492 κεφαλαί,
688 1399 750 1487 μία
771 1402 832 1486 μὲν
851 1402 1016 1487 χαροποῖο
1038 1395 1188 1473 λέοντος,

199 1495 220 1586 ἡ
245 1501 283 1568 δέ
303 1501 467 1591 χιμαίρης,
491 1500 511 1593 ἡ
536 1501 571 1574 δ’
595 1499 706 1595 όφιος,
729 1508 902 1594 κρατεροῖο
924 1495 1121 1589 δράκοντος·

198 1596 319 1678 πρόσθε
340 1601 425 1676 λέων,
444 1598 556 1667 όπιθεν
576 1607 610 1667 δέ
625 1602 758 1686 δράκων,
779 1604 880 1683 μέσση
902 1601 936 1662 δέ
951 1599 1095 1679 χίμαιρα,

199 1691 298 1755 δεινὸν
317 1691 527 1760 ἀποπνείουσα
546 1699 644 1779 πυρός
662 1697 753 1776 μένος
772 1697 967 1774 αἰθομένοιο·

136 1785 257 1875 θεατήν
277 1788 339 1872 μὲν
360 1788 520 1880 Πήγασος
542 1787 611 1862 εἷλε
634 1793 690 1861 καί
712 1790 838 1869 έσθλδς
859 1782 1142 1876 Βελλεροφόντης.

265 1885 314 1958 Ἡ
333 1888 366 1959 δ’
390 1888 455 1983 ἀρα
482 1893 558 1963 Φῖκ’
584 1892 686 1984 ὀλοήν
706 1895 791 1975 τέκε,
813 1888 1040 1975 Καδμείοισιν
1060 1882 1214 1974 ὄλεθρον,

190 1985 310 2081 Ὅρθῳ
332 1991 581 2085 ὑποδμηθεῖσα,
604 1993 791 2082 Νεμειαῖόν
811 2021 848 2062 τε
871 1994 999 2072 λέοντα,

196 2090 256 2160 τόν
276 2092 310 2183 ῥ’
325 2094 414 2187 Ἥρη
437 2099 613 2192 θρέψασα,
635 2101 722 2180 Διὸς
742 2096 843 2185 κυδρὴ
867 2091 1083 2181 παράκοιτις,

180 2188 364 2282 γουνοῖσιν
384 2202 566 2271 κατένασσε
588 2200 743 2288 Νεμείης,
766 2196 853 2288 πῆμ’
878 2192 1087 2282 ἀνθρώποις.

135 2318 186 2370 330
198 2296 272 2366 ἔνθ’
297 2293 354 2390 ἀρ’
380 2299 434 2390 ὅγ’
459 2301 590 2372 οἰκείων
611 2302 808 2395 ἐλεφαίρετο
831 2297 912 2393 φῦλ’
938 2295 1140 2386 ἀνθρώπων,

197 2402 378 2492 κοιρανέων
404 2412 544 2494 Τρητοῖο
566 2406 714 2495 Νεμείης
736 2401 792 2496 ἠδ’
811 2403 1031 2480 Ἀπέσαντος·

198 2501 285 2572 ἀλλά
308 2502 325 2572 ἓ
346 2502 379 2586 ’cg
401 2505 571 2592 ἐδάμασσε
592 2509 668 2599 βίης
685 2502 916 2597 Ἡρακληείης.

266 2607 369 2699 Κητώ,
389 2605 424 2676 δ’
449 2605 640 2679 ὁπλότατον
666 2609 792 2702 Φόρκυι
814 2604 970 2699 φιλότητι
991 2608 1124 2690 μιγεῖσα

196 2707 326 2795 γείνατο
348 2710 458 2779 δεινὸν
481 2705 571 2798 ῦφιν,
596 2706 635 2793 ὃς
654 2712 791 2804 ἐρεμνῆς
813 2706 953 2778 κεῦθεσι
975 2705 1070 2794 γαίης

132 2833 183 2884 335
195 2809 353 2900 πείρασιν
374 2813 408 2881 έν
429 2810 589 2900 μεγάλοις
610 2813 803 2906 παγχρύσεα
824 2814 915 2901 μῆλα
937 2805 1114 2899 φυλάσσει.

194 2919 292 2983 τοῦτο
314 2915 376 2999 μὲν
397 2913 433 2984 έκ
454 2918 587 3004 Κητοῦς
608 2918 665 2985 καί
690 2915 857 3006 Φόρκυνος
879 2913 973 3002 γένος
994 2909 1075 2980 ἐστί.

622 3095 820 3106 ...-——-—

117 3159 165 3215 VI.

59 3273 61 3277 ⁴
197 3249 325 3344 Τηθὺς
351 3250 388 3325 δ’
413 3252 579 3348 Ὠκεανῷ
606 3250 811 3347 Ποταμοὺς
835 3249 912 3323 τέκε
940 3247 1146 3344 δινήεντας·

189 3367 320 3445 Νεῖλόν
344 3370 383 3442 τ’
405 3367 571 3468 Ἀλφειόν
596 3400 634 3443 τε
660 3368 723 3444 καὶ
743 3367 946 3466 Ἠριδανὸν
965 3365 1200 3462 βαθυδίνην,

192 3486 400 3582 Στρυμόνα
426 3483 655 3584 Μαιανδρόν
680 3517 719 3560 τε
744 3486 807 3560 καί
824 3487 968 3583 Ἵστρον
991 3486 1273 3588 καλλιρέεθρον,

129 3624 180 3675 340
195 3605 323 3681 Φᾶσίν
348 3636 386 3678 τε
408 3603 539 3702 Ῥῆσόν
564 3606 617 3696 τ’,
637 3601 828 3700 Ἀχελώϊον
853 3603 1104 3706 ἀργυροδίνην

190 3725 335 3800 Νέσσον
359 3756 410 3816 τε,
432 3723 576 3800 Ῥόδιόν
600 3724 645 3797 θ’
664 3721 887 3820 Ἁλιάκμονά
912 3723 955 3796 θ’
978 3719 1210 3820 Ἑπτάπορόν
1237 3761 1291 3824 τι,

190 3841 373 3940 Ιρηνικόν
397 3874 436 3918 τε
462 3842 526 3918 καὶ
545 3848 715 3938 Αἴσηπον
738 3841 846 3918 θεῖόν
868 3871 906 3915 τε
933 3847 1144 3936 Σιμοῦντα,

187 3959 352 4057 Πηνειόν
377 3991 415 4035 τε
440 3963 503 4036 καὶ
517 3962 659 4059 Ἕρμον
685 3961 876 4058 ἐϋρρείτην
900 3987 938 4031 τε
966 3957 1119 4049 Κάϊκον,

189 4079 409 4181 Σαγγάριον
433 4111 471 4154 τε
496 4081 627 4183 μέγαν,
652 4075 824 4154 Λάδωνά
850 4107 888 4151 τε
914 4077 1133 4176 Παρθένιόν
1159 4111 1210 4172 τε,

125 4219 176 4270 345
185 4196 331 4293 Εὔηνόν
354 4228 395 4274 τε
417 4199 479 4273 καὶ
497 4200 699 4299 Ἄρδησκον
725 4195 831 4272 θεῖόν
856 4227 894 4271 τε
919 4195 1186 4294 Σκάμανδρον.

243 4369 348 4442 Τίκτε
374 4367 414 4443 δέ
440 4371 662 4472 θυγατέρων
688 4369 787 4467 ἱερὸν
810 4369 925 4472 γένος,
949 4371 988 4441 αἳ
1012 4369 1106 4442 κατά
1130 4379 1250 4471 γαῖαν

186 4489 326 4588 ἀνδρας
350 4487 561 4587 κουρίζουσι
588 4488 659 4563 σῦν
675 4486 872 4564 Ἀπόλλωνι
898 4487 1027 4561 άνακτι

184 4607 250 4682 καί
273 4613 478 4706 Ποταμοῖς,
507 4606 712 4703 ταύτηνδι’
740 4608 826 4692 Διὸς
849 4602 950 4704 πάρα
976 4613 1114 4705 μοῖραν
1139 4612 1300 4705 ἔχουσα,
