2880 4950
507 221 835 284 1-212

196 391 452 487 ὀφθαλμοῖσιν
479 388 660 484 ἰδεῖνήἄ
689 390 821 464 οᾶασιν
848 391 964 466 όσσαν
990 392 1148 468 ἀκοῦσαι

197 508 331 599 αὕτως,
360 509 410 592 τός
436 509 496 582 ότε
521 515 548 580 Ι
549 511 618 580 ἀἶα
643 506 706 580 καί
735 508 903 607 Οὐρανὸς
929 509 1038 608 εὐρὺς
1063 512 1228 611 ὕπερθεν

194 625 366 701 πίλνατο·
393 631 491 709 τοῖος
516 622 597 727 γάρ
615 653 655 698 κε
679 627 850 728 μέγιστος
876 611 1016 710 δοῦπος
1042 627 1188 732 όραίρει,

193 751 256 838 τῆς
280 743 351 840 μέν
377 741 621 843 ἐρειπομένης,
647 751 716 818 τοῦ
740 744 766 819 δ
770 744 781 800 ³
810 743 961 844 ὑψόθεν
986 744 1228 843 ἐξεριπόντος.

131 870 180 922 705
195 859 308 930 τόσσος
328 861 443 931 δοῦπος
462 857 562 940 ἔγεντο
582 861 667 931 θεῶν
687 856 764 938 ἔριδι
784 861 958 933 ξυνιόντων.
1222 859 1226 862 ’

193 954 264 1030 σόν
289 954 329 1028 δ’
356 954 485 1050 ἄνεμοι
512 953 635 1030 ἔνοσίν
659 983 698 1027 τε
722 952 826 1030 κόνιν
851 954 897 1028 θ’
926 956 1006 1052 ἄμα
1028 955 1282 1059 ’ἐσφαράγιζον

190 1073 355 1169 βροντήν
381 1103 419 1151 τε
447 1070 627 1169 στεροπήν
650 1099 689 1144 τε
714 1071 777 1144 καὶ
802 1072 1027 1148 αἰθαλόεντα
1052 1075 1248 1172 κεραυνὸν,

170 1199 282 1286 ’κῆλα
309 1191 396 1273 Διὸς
419 1188 608 1291 μεγάλοιο,
636 1188 750 1287 φέρον
776 1190 815 1265 δ’
844 1189 953 1287 ἰαχήν
976 1191 1011 1264 τ’
1040 1189 1175 1282 ἐνοπήν
1199 1221 1237 1266 τε

193 1313 228 1392 ἐς
251 1310 368 1406 μέσον
393 1308 634 1406 ἀμφοτέρων·
651 1307 795 1404 ’ότοβος
821 1307 861 1381 δ’
891 1309 1049 1404 ἄπλητος
1076 1309 1209 1410 ὀραίρει

132 1444 182 1496 710
196 1427 420 1524 σμερδαλέης
445 1426 575 1522 ἔριδος,
603 1423 737 1523 κάρτος
764 1424 805 1498 δ’
833 1426 1052 1524 ἀνεφαίνετο
1079 1431 1209 1530 ἔργων.

194 1542 330 1631 ἐκλίνθη
353 1544 391 1611 δέ
411 1539 517 1631 μάχη·
541 1543 620 1629 πρὶν
643 1537 677 1609 δ’
703 1538 863 1631 ἀλλήλοις
886 1539 1062 1626 ἐπέχοντες

193 1646 359 1730 ἐμμενέως
382 1642 542 1730 ἐμάχοντο
565 1643 624 1711 διδ
648 1643 809 1731 κρατερᾶς
830 1639 981 1726 ὑσμίνας.
1006 1649 1009 1654 “
1070 1667 1072 1670 ’

189 1876 225 1943 οἳ
250 1871 290 1945 δ’
319 1871 382 1969 ἄρ’
410 1871 464 1948 ἐνὶ
489 1867 667 1968 πραίτοισι
690 1866 817 1965 μάχην
843 1869 1015 1966 δριμεῖαν
1040 1867 1200 1972 ἔγειραν

188 1986 327 2071 Κόττος
352 2017 390 2061 τε
416 1986 607 2085 Βριάρεως
627 2016 665 2060 τε
692 1983 789 2081 Γόης
814 1987 851 2059 τ’
879 1987 992 2071 ἄατος
1016 1989 1200 2084 πολέμοιο,
1235 2043 1236 2046 ¹
1338 2060 1340 2063 .

127 2125 176 2176 715
192 2110 231 2179 οἵ
253 2113 297 2204 ῥα
324 2106 533 2204 τριηκοσίας
558 2107 692 2204 πέτρας
719 2107 911 2203 στιβαρῶν
936 2106 1013 2179 ἀπό
1034 2115 1171 2204 χειρῶν

186 2225 332 2320 πέμπον
356 2225 617 2321 ἐπασσυτέρας,
643 2223 738 2296 κατὰ
767 2222 804 2297 δ’
833 2223 1009 2297 ἐσκίασαν
1032 2225 1242 2319 βελέεσσιό

193 2350 359 2438 Τιτῆνας.
385 2341 561 2424 καὶτοὺς
585 2340 655 2438 μέν
681 2341 753 2414 ὑπὸ
777 2341 919 2434 χθονὸς
946 2341 1155 2440 εὐρυοδείης

188 2462 343 2560 πέμφαν
362 2461 425 2535 καὶ
448 2461 639 2556 δεσμοῖσιν
665 2462 705 2533 ἐν
730 2458 963 2559 ἀργαλέοισιν
988 2459 1135 2556 ἔδησαν,

191 2574 369 2657 νικήσαντες
383 2577 491 2655 χερσὶν
511 2571 712 2654 δαερθόμους
731 2595 786 2652 περ
807 2572 923 2644 ἐόντας,

123 2692 176 2744 720
189 2671 325 2774 τόσσον
350 2670 476 2770 ἔνερθ’
504 2672 576 2746 ὑπὸ
603 2678 670 2772 γῆς
699 2671 789 2745 όσον
815 2667 973 2766 οὐρανός
995 2669 1074 2742 ἐστ’
1102 2671 1175 2746 ἀπὸ
1200 2671 1317 2772 γαίης.

122 2810 175 2861 τιν
189 2791 294 2867 ἐννέα
318 2788 393 2889 γὰρ
420 2788 556 2879 νύκτας
578 2819 617 2862 τε
642 2789 705 2861 καὶ
727 2789 854 2884 ἤματα
876 2784 1030 2882 χάλκεος
1056 2787 1198 2884 ἄκμων,

185 2907 396 3005 οὐρανόθεν
420 2907 572 2995 κατιών,
600 2905 733 3000 δεκάτη
760 2911 795 2988 ἐς
819 2911 934 3006 γαῖαν
957 2907 1091 2978 ἵκοιτο·
1295 2896 1297 2902 1

189 3027 293 3103 ἐννέα
320 3025 357 3100 δ”
383 3021 432 3099 αὖ
458 3022 594 3108 νύκτας
619 3053 658 3123 τε
684 3025 747 3098 καὶ
770 3025 895 3122 ἤματα
917 3020 1071 3118 χάλκεος
1097 3012 1241 3119 ἄκμων,

125 3166 176 3216 725
192 3150 231 3219 ἐκ
256 3129 362 3246 γαίης
387 3142 539 3232 κατιοδν,
566 3140 701 3238 δεκάτη
728 3147 763 3225 ἐς
793 3141 989 3240 Τάρταρον
1008 3144 1098 3215 ἰ’κοι.
1240 3140 1242 3144 ’

183 3261 250 3341 τὸν
274 3262 356 3360 πέρι
377 3256 535 3358 χάλκεον
560 3262 662 3357 ἔρκος
689 3258 876 3356 ἐλήλαται·
905 3258 1003 3356 ἀμφὶ
1029 3258 1073 3333 δέ
1094 3285 1162 3355 μιν
1185 3256 1255 3342 νὺξ

115 3459 119 3466 ,
186 3367 386 3479 τριστοιχεὶ
404 3380 553 3476 κέχυται
578 3377 660 3476 περὶ
685 3377 822 3476 δειρὴν,
851 3375 971 3475 αάτάρ
999 3376 1163 3475 ὕπερθεν

182 3507 248 3598 γῆς
273 3499 369 3594 ῥίζαι
393 3495 555 3596 πεφύασι
581 3496 643 3571 καί
665 3495 880 3596 ἀτρυγέτοιο
906 3494 1110 3590 θαλάσσης.
1190 3590 1194 3594 ⁴

178 3599 297 3691 Ἔνθα
323 3616 408 3690 θεοὶ
434 3623 584 3710 Τιτῆνες
609 3615 681 3689 ὑπὸ
709 3613 813 3710 ζόφῳ
839 3612 1000 3710 ἠερόεντι

124 3752 176 3804 730
188 3733 415 3833 κεκρύφαται
439 3738 595 3832 βουλῇσι
620 3733 708 3815 Διὸς
729 3726 1031 3834 νεφεληγερέταο·

19 3897 21 3903 .
125 3871 178 3923 732
191 3858 268 3934 τοῖς
294 3852 362 3925 οὐκ
387 3850 505 3936 ἐξιτόν
527 3857 615 3941 ἐστι,
641 3849 759 3934 πάλας
785 3851 824 3937 δ’
852 3838 1247 3946 ἐπέθηκεΠοσειδεΊνν

184 3969 368 4066 χαλκείας,
395 3975 512 4064 τεῖχος
539 3969 579 4044 δέ
605 3969 811 4067 περοίχεται
834 3967 1120 4066 ἀμφοτέρωθεν,

188 4092 283 4164 ἔνθα
308 4085 406 4184 Γύης
432 4075 635 4170 ’Κόττοςτε
660 4087 723 4162 καὶ
745 4085 975 4185 Ὀβριάρεως
1002 4082 1224 4187 μεγάθυμος

126 4226 177 4278 ⁷³5
191 4208 371 4297 ναίουσιν,
399 4204 559 4306 φύλακες
584 4208 706 4282 πιστοὶ
732 4206 819 4288 Διὸς
847 4202 1036 4305 αἰγιόχοιο.

618 4429 816 4440 -----—---—
