2880 4950
616 188 826 251 ,14-

120 394 170 452 ΙΧ.

198 493 285 561 Ρεῖα
312 488 349 561 δ’
377 488 637 584 ὑποδμηθεῖσα
664 486 799 587 Κρόνῳ
824 491 901 563 τέκε
928 490 1089 589 φαίδιμα
1113 493 1221 569 τέκνα

192 605 323 701 Ἱστίην
348 605 527 705 Δήμητρα
550 605 612 679 καλ
629 607 749 704 Ἥρην
770 609 1053 705 χρυσοπέδιλον,

131 743 181 792 455
197 721 359 821 ἴφθιμόν
383 725 419 797 τ’
441 726 579 820 Ἀίδην,
607 727 647 808 ὃς
674 724 746 798 ὐπὸ
766 726 882 820 χθονὶ
907 725 1065 824 διόματα
1087 729 1178 804 ναίει

178 841 313 938 νηλεὲς
338 839 427 941 ῆτορ
453 847 563 939 ἔχων,
588 843 651 917 καὶ
675 843 870 940 ἐρίκτυπον
891 845 1154 949 Ἐννοσίγαιον,

194 959 299 1055 Ζῆνά
324 991 362 1034 τε
386 960 596 1057 μητιόεντα,
621 966 725 1036 θεῶν
749 963 878 1058 πατέρ’
904 964 971 1058 ῆδέ
994 966 1056 1040 καὶ
1081 965 1247 1064 ἀνδρῶν,

192 1086 260 1152 τού
284 1080 346 1153 καὶ
372 1080 443 1155 ὐπὸ
469 1083 628 1179 βροντῆς
653 1081 877 1177 πελεμίζεται
905 1083 1027 1181 εὐρεῖα
1048 1081 1172 1179 χθτόν.

194 1196 255 1271 καὶ
281 1197 367 1281 τούς
390 1197 460 1294 μὲν
483 1198 651 1272 κατέπινε
676 1197 819 1297 Κρόνος
842 1200 971 1302 μέγας,
998 1202 1092 1284 ὅςτις
1113 1204 1264 1285 ἕκαστος

131 1335 181 1386 ιοο
195 1317 333 1412 νηδύος
359 1319 397 1400 ἐξ
419 1319 514 1414 ἱερῆς
538 1316 677 1413 μητρὸς
700 1317 791 1415 πρὸς
813 1317 978 1420 γούναθ’
1004 1324 1133 1410 ἵκοιτο,

192 1435 238 1508 τά
266 1435 434 1533 φρονέων
458 1438 521 1510 ἵνα
546 1433 598 1531 μή
623 1463 676 1518 τις
703 1437 857 1539 ἀγαυῶν
885 1436 1136 1535 Οὐρανιώνων

190 1555 298 1637 ἀλλος
323 1559 363 1629 ἐν
389 1552 637 1629 ἀθανάτοισιν
663 1558 738 1650 έχοι
762 1556 962 1654 βασιληίδα
988 1556 1110 1652 τιμήν.
1169 1596 1171 1603 ’

190 1673 352 1749 πεύθετο
377 1674 451 1774 γάρ
477 1673 590 1767 Γαίης
614 1702 653 1746 τε
677 1674 740 1747 καὶ
768 1675 942 1773 Οὐρανοῦ
967 1672 1215 1772 ἀστερόεντος,

191 1791 325 1868 οὕνεκά
349 1795 384 1866 οἱ
408 1793 576 1890 πέπρωτο
605 1795 652 1888 ίῳ
679 1793 751 1866 ὐπὸ
778 1793 884 1868 παιδὶ
909 1793 1087 1889 δαμῆναι,

129 1928 179 1980 465
193 1912 255 1985 καὶ
280 1920 445 2011 κρατερῷ
470 1941 536 2008 περ
563 1910 674 1986 ἐόντι·
701 1926 781 1998 Διὸς
799 1924 933 2006 μεγάλου
955 1925 1005 1986 διὰ
1026 1924 1153 2002 βουλὰς·

192 2030 237 2110 τῷ
257 2020 305 2107 ὅγε
327 2024 383 2088 οὐκ
403 2023 613 2105 ἀλαοσκοπιὴν
632 2026 706 2105 ἐχεν,
729 2024 808 2087 ἀλλὰ
829 2022 963 2087 δοκεύων

195 2136 310 2208 παῖδας
330 2136 399 2208 ἐούς
418 2138 567 2199 κατέπινε·
590 2122 692 2217 Ῥέην
717 2119 757 2195 δ’
784 2124 840 2216 ἔχε
865 2122 1005 2204 πένθος
1032 2122 1202 2197 ἄλαστον.

192 2239 273 2313 ἀλλ’
301 2241 360 2314 ὅτε
386 2241 432 2337 δῆ
459 2241 521 2314 Δί’
548 2244 669 2338 ἔμελλε
695 2246 798 2314 θεῶν
819 2241 950 2337 ’πατέρ’
976 2239 1041 2335 ῆδέ
1065 2239 1127 2312 καὶ
1152 2240 1306 2338 ἀνδρῶν

190 2360 373 2450 τέξεσθαι,
399 2357 479 2432 τότ’
507 2361 629 2433 ἔπειτα
655 2361 785 2458 φίλους
811 2357 974 2434 λιτάνευε
998 2366 1133 2453 τοκῆας

129 2494 179 2544 ιιο
194 2476 280 2559 τούς
306 2476 432 2572 αὐτῆς,
459 2476 581 2552 Γαῖάν
604 2506 643 2551 τε
668 2477 731 2551 καὶ
758 2477 930 2575 Οὐρανὸν
955 2475 1195 2577 ἀστερόεντα,

190 2601 302 2688 μῆτιν
327 2592 663 2692 συμφράσσασθαι,
689 2595 788 2678 ὅπως
814 2595 1007 2670 λελάθοιτο
1033 2582 1190 2670 τεκοῦσα

189 2712 306 2787 παῖδα
333 2713 456 2812 φίλον,
482 2715 624 2789 τίσαιτο
650 2715 687 2790 δ’
715 2719 835 2812 ἐρινῦς
860 2715 998 2812 πατρὸς
1024 2717 1108 2788 ἑοῖο.

189 2829 310 2890 παίδων
329 2825 383 2899 οὓς
403 2828 541 2890 κατέπινε
560 2830 656 2910 μέγας
675 2831 795 2911 Κρόνος
814 2829 1037 2912 ἀγκυλομήτης.

190 2927 225 2997 οἱ
251 2924 292 2999 δέ
316 2924 481 3025 θυγατρὶ
506 2923 594 3023 φίλη
620 2923 721 3022 μάλα
747 2926 817 3022 μέν
837 2925 951 3001 κλύον
971 2926 1034 3020 ἠδ’
1063 2925 1258 3017 ἐπίθοντο,

128 3062 178 3112 ινῡ
191 3042 254 3117 καί
280 3044 315 3116 οἱ
340 3041 574 3140 πεφραδέτην
598 3045 735 3142 ὅσαπερ
761 3046 930 3140 πέπρωτο
954 3043 1129 3144 γενέσθαι

189 3161 288 3260 ἀμφὶ
311 3159 445 3259 Κρόνῳ
470 3163 619 3258 βασιλῆι
643 3161 706 3234 καὶ
731 3162 800 3235 υἱέι
824 3159 1109 3258 καρτεροθύμῳ.

188 3277 316 3354 πέμψαν
336 3274 364 3336 δ’
387 3278 417 3347 ἐς
435 3275 567 3337 Λύκτον
586 3264 713 3357 Κρήτης
731 3278 762 3348 ἐς
781 3278 871 3337 πίονα
893 3279 1001 3356 δῆμον,

189 3365 301 3431 ὁππότ’
324 3367 377 3447 ἀρ’
399 3365 571 3430 ὁπλότατον
590 3370 711 3429 παίδων
725 3363 834 3447 ἤμελλε
855 3368 1011 3439 τίνεσθαι,

189 3467 278 3544 Ζῆνα
296 3463 407 3542 μέγαν·
427 3461 482 3522 τὸν
500 3459 557 3538 μέν
577 3459 607 3522 οἳ
625 3458 749 3533 ἐδέξατο
770 3463 801 3522 Γ
799 3469 851 3521 αΐα
872 3462 992 3540 πελώρη

124 3572 175 3623 480
189 3553 297 3638 Κρήτη
318 3556 350 3617 ἐν
369 3552 468 3636 εὐρείῃ
487 3552 643 3635 τραφέμεν
663 3550 896 3631 ἀτιταλλέμεναί
912 3577 953 3615 τε.

188 3655 283 3727 ἔνθα
307 3677 373 3746 μιν
396 3650 477 3723 ’ίκτο
505 3649 669 3748 φέρουσα
695 3648 795 3744 θοῆν
820 3648 881 3723 διά
904 3648 1021 3723 νύκτα
1041 3650 1221 3745 μέλαιναν

186 3766 337 3867 πραίτην
362 3771 397 3849 ἐς
421 3764 588 3842 Λύκτον·
612 3766 755 3865 κρύφον
779 3767 825 3842 δέ
847 3771 864 3840 ἑ
885 3767 991 3864 χερσέ
1017 3770 1187 3866 λαβοῦσα

188 3889 311 3985 ἄντρῳ
337 3890 378 3959 ἐν
400 3883 565 3983 ῆλιβάτῳ
592 3886 727 3982 ζαθέης
752 3884 824 3958 ὐπὸ
850 3882 1000 3960 κεύθεσι
1023 3886 1143 3990 γαίης,

187 4003 333 4105 Αἰγαίῳ
359 4006 400 4076 ἐν
425 4003 500 4100 ὄρει
524 4002 792 4099 πεπυκασμένῳ
819 4000 974 4097 ὐλῆεντι.

124 4148 174 4197 ⁴85
188 4129 241 4219 τῷ
267 4116 308 4192 δέ
334 4121 617 4220 σπαργανίσασα
641 4123 761 4223 μέγαν
785 4121 896 4197 λίθον
921 4121 1132 4226 ἐγγυάλιξεν

187 4233 378 4336 Οὐρανίδῃ
402 4237 487 4337 μέγ’
515 4240 658 4329 ἀνακτι,
685 4244 789 4315 θεῶν
814 4242 979 4338 προτέρῳ
1005 4242 1164 4337 βασιλῆι.

185 4359 252 4432 τὸν
275 4351 363 4428 τόθ’
392 4352 486 4428 ἑλιδν
503 4357 686 4454 χείρεσσιν
713 4357 776 4454 ἐῆν
802 4357 1004 4459 ἐγκάτθετο
1031 4356 1161 4451 νηδύν,

185 4475 359 4566 σχέτλιος·
388 4472 459 4546 οὐδ
463 4473 473 4498 ³
501 4472 625 4570 ἐνόησε
650 4476 742 4571 μετά
770 4476 901 4572 φρεσίν
927 4475 976 4556 ἀίς
1004 4477 1039 4547 οἱ
1066 4473 1206 4547 ὀπίσσω
