2880 4950
637 255 829 316 ..3-

135 460 139 465 -
178 422 290 505 μηνῶν
313 416 518 509 φθινόντων,
542 422 622 510 περὶ
643 417 676 488 δ’
701 415 815 510 ἤματα
837 418 940 490 πόλλ’
964 423 1138 514 ἐτελέσθη,

128 516 200 609 6οὴ
225 519 257 588 δ’
282 519 367 588 ἔτεκ’
392 522 488 591 ἐννέα
510 527 631 612 κούρας
654 519 859 612 ὁμόφρονας,
879 514 957 614 ᾗσιν
979 521 1080 615 άοιδῆ

178 624 375 708 μέμβλεται,
399 622 439 692 ἐν’
456 622 641 713 στήθεσσιν
663 622 787 714 άκηδέα
809 626 923 710 θυμόν
944 624 1093 716 ἐχούσης,

176 727 304 794 τυτθόν
326 724 388 796 ἀπ’
413 724 597 817 ἀκροτάτης
618 733 766 817 κορυφῆς
788 726 965 819 νιφόεντος
984 725 1166 813 Ὀλύμπου,

125 848 158 898 63
178 827 264 896 ἔνθα
286 853 368 918 σφιν
391 829 534 919 λιπαροί
553 855 589 897 τε
608 832 706 920 χοροὶ
725 830 783 899 καὶ
805 831 945 916 δώματα
967 828 1070 899 καλά·

124 941 157 991 67
176 926 348 990 άθανάτων
366 932 526 1004 κλείουσιν,
548 927 702 1012 ἐπήρατον
722 929 821 993 όσσιιν
841 930 942 992 ἱεῖσαι.

124 1043 159 1093 64
177 1023 247 1112 πάρ
271 1021 304 1093 δ’
330 1021 431 1117 αὐτῆς
453 1023 601 1115 Χάριτες
621 1052 658 1093 τε
680 1026 736 1094 καὶ
750 1025 879 1114 Ἵμερος
902 1023 982 1095 οἰκί’
1007 1023 1149 1110 ἔχουσιν.

123 1135 157 1186 65
176 1124 208 1186 ἐν
227 1126 356 1208 θαλίης·
376 1127 490 1207 ἐρατὴν
510 1128 544 1188 δέ
564 1127 616 1188 διὰ
637 1122 739 1204 στόμα
759 1122 859 1188 όσσαν
880 1127 970 1188 ἱεῖσαι

124 1227 157 1278 66
175 1216 342 1293 μέλπονται
362 1215 487 1280 πάντων
505 1241 538 1279 τε
559 1216 673 1296 νόμους
691 1219 742 1279 καὶ
762 1215 845 1298 ἤθεα
864 1217 967 1280 κεδνά.

123 1471 220 1540 6εαῖ
242 1468 323 1544 τότ’
352 1476 439 1546 ἴσαν
459 1471 551 1567 πρὸς
569 1470 768 1567 Ὄλυμπον
793 1468 1041 1574 ἀγαλλόμεναι
1069 1471 1131 1546 ὀπὶ
1155 1482 1261 1568 καλῇ,

172 1589 362 1686 άμβροσίη
386 1597 524 1686 μολπχγ
551 1589 633 1689 περὶ
659 1589 697 1663 δ’
725 1593 922 1691 ἰἀχεγαῖα
948 1590 1104 1685 μέλαινα

79 1782 95 1803 ⁴
124 1726 156 1777 το
175 1706 388 1804 ὑμνεύσαις,
414 1708 543 1804 ἐρατὸς
569 1707 610 1782 δὲ
635 1707 765 1782 ποδῶν
790 1709 863 1780 ὕπο
891 1708 1030 1791 δοῦπος
1057 1709 1188 1806 ὀρώρει

172 1826 404 1922 νισσομένων
428 1826 557 1924 πατέρ’
586 1830 635 1908 είς
661 1826 715 1899 ὅν.
744 1825 763 1898 ό
791 1825 829 1899 δ’
859 1825 1008 1924 οὐρανῷ
1034 1827 1278 1925 ἐμβασιλεύει,

173 1944 285 2027 αὐτὸς
312 1946 407 2038 έχων
431 1944 597 2041 βροντὴν
621 1944 686 2040 ἠδ’
714 1941 941 2020 αἰθαλόεντα
965 1948 1162 2042 κεραυνὸν,
1335 1932 1338 1937 “

172 2061 301 2161 κάρτεϊ
324 2060 475 2158 νικήσας
500 2063 639 2158 πατέρα
666 2061 830 2161 Κρόνον·
860 2059 900 2136 εύ
926 2062 967 2136 δέ
992 2047 1131 2139 ἕκαστα

172 2180 378 2263 ἀθανάτοις
404 2181 567 2267 διέταξεν
593 2182 694 2278 ὁμῶς
719 2182 782 2255 καὶ
807 2180 990 2278 ἐπέφραδε
1016 2182 1135 2279 τιμάς.

122 2466 155 2518 75
173 2443 269 2513 ταῦτ’
295 2439 360 2534 άρα
382 2449 526 2514 Μοῦσαι
548 2442 665 2514 άειδον
683 2443 852 2530 Ὀλύμπια
876 2441 1004 2528 δώματ’
1029 2441 1172 2528 ἔχουσαι,
1207 2444 1208 2448 ’

175 2548 270 2617 έννέα
292 2549 478 2637 θυγατέρες
498 2547 647 2638 μεγάλου
669 2548 756 2627 Διὸς
778 2549 977 2635 ἐκγεγαυῖαι,
1092 2544 1095 2549 ¹

175 2647 290 2719 Κλειώ
311 2648 345 2716 τ’
369 2648 523 2740 Εὐτέρπη
545 2678 591 2733 τε,
617 2647 746 2720 Θάλειά
768 2676 804 2717 τε
828 2649 1036 2736 Μελπομένη
1057 2674 1103 2728 τε,

179 2751 369 2844 Τερψιχόρη
390 2751 422 2820 τ’
443 2751 570 2842 Ἐρατιό
591 2779 638 2836 τε,
661 2748 840 2837 Πολύμνιά
862 2746 895 2818 τ’
923 2747 1069 2840 Οὖρανίη
1090 2776 1136 2829 τε,

157 2853 359 2943 ,Καλλιόπη
382 2853 440 2922 θ’·
465 2853 485 2944 ἦ
509 2860 548 2924 δέ
570 2852 823 2946 προφερεστάτη
845 2854 933 2923 ἐστὶν
956 2849 1126 2920 άπάσεων.

120 2952 193 3045 8οῆ
215 2958 277 3046 γάρ
299 2957 357 3024 καί
377 2958 573 3053 βασιλεῦσιν
596 2952 655 3038 ἅμ’
680 2953 864 3024 αἰδοίοισιν
887 2950 1017 3044 ὀπηδεῖ.

173 3218 300 3292 ὅντινα
327 3217 508 3314 τιμήσωσι
533 3217 622 3299 Διὸς
647 3224 780 3311 κοῦραι
804 3213 992 3312 μεγάλοιο,

171 3334 386 3437 γεινόμενόν
411 3337 449 3410 τ’
477 3336 621 3420 ἐςίδωσι
647 3334 874 3432 διοτρεφέων
899 3327 1103 3428 βασιλήων,

172 3464 225 3551 τῷ
251 3455 321 3549 μέν
347 3455 405 3528 ἐπὶ
428 3453 577 3554 γλιόσση
602 3451 784 3555 γλυκερὴν
807 3450 972 3544 χείουσιν
999 3449 1137 3545 ἐέρσην,

173 3580 242 3646 τοῦ
269 3571 306 3645 δ’
335 3571 413 3644 ἔπε’
442 3576 482 3643 ἐκ
508 3570 690 3667 στόματος
716 3575 771 3666 ῥεῖ
793 3568 954 3664 μείλιχα
983 3570 1018 3640 οἱ
1044 3567 1089 3640 δέ
1110 3593 1158 3639 νυ
1183 3565 1265 3665 λαοὶ

121 3712 155 3762 85
174 3689 308 3773 πάντες
334 3694 369 3772 ἐς
392 3687 508 3762 αὐτὸν
531 3688 645 3784 ὁρῶσι
671 3685 910 3783 διακρίνοντα
939 3686 1118 3780 θέμιστας

175 3810 312 3903 λθείησι
337 3807 500 3901 δίνησιν·
529 3807 549 3880 δ
577 3806 616 3880 δ’
643 3804 835 3902 ἀσφαλέως
862 3801 1055 3906 άγορεύων

174 3927 271 4027 αἶψά
295 3957 334 4002 τε
359 3928 422 4001 καὶ
447 3927 543 4026 μέγα
568 3931 686 4006 νεῖκος
713 3922 961 4017 ἐπισταμένως
986 3920 1202 3994 κατέπαυσε.

174 4048 332 4121 τούνεκα
356 4045 430 4149 γάρ
457 4049 629 4142 βασιλῆες
655 4042 859 4140 ἐχέφρονες,
886 4039 1020 4114 οὕνεκα
1047 4044 1148 4121 λαοῖς

173 4164 440 4262 βλαπτομένοις
466 4161 627 4263 άγορῇφι
653 4155 868 4255 μετάτροπα
895 4158 983 4259 ἔργα
1010 4163 1149 4231 τελεῦσι

124 4305 158 4356 ου
177 4283 337 4380 ῥηιδίως,
364 4285 563 4377 μαλακοῖσι
589 4272 866 4374 παραιφάμενοι
892 4274 1064 4349 ἐπέεσσιν.

177 4398 376 4499 ἐρχόμενον
401 4398 439 4477 δ’
469 4396 542 4472 άνδι
571 4395 666 4468 ἄστυ
692 4394 785 4468 θεὸν
810 4393 862 4475 ὥς
887 4389 1099 4466 ἱλάσκονται

174 4517 278 4592 αλδοῖ
300 4516 469 4613 μειλιχίη,
495 4512 587 4611 μετὰ
616 4510 657 4584 δέ
683 4512 808 4607 πρέπει
836 4508 1084 4608 ἀγρομένοισι,
1116 4620 1130 4654 *

1088 4627 1110 4680 λ
