2880 4950
623 177 835 240 „24-

138 363 188 418 795
202 351 319 422 κεῖται
344 345 507 444 νήυτμος
532 347 786 439 τετελεσμένον
812 348 861 425 εἰς
887 342 1071 431 ἐνιαυτὸν,

200 464 396 541 οὐδέποτ’
425 464 631 562 ἀμβροσίης
655 463 718 536 καὶ
742 462 915 558 νέκταρος
942 463 1083 557 ἐρχεται
1108 456 1228 534 ἆσσον

198 580 374 680 βρώσιος,
402 581 494 655 ἀλλά
520 611 562 683 γε
587 586 703 654 κεῖται
729 576 979 660 ἀνάπνευστος
1005 577 1067 652 καὶ
1092 575 1256 661 ἄναυδος

201 706 378 797 στρωτοῖς
403 705 443 775 ἐν
467 699 640 793 λεχέεσσι,
666 697 782 772 κακὸν
805 697 829 772 δ
833 698 844 723 ³
872 696 930 771 ἐπὶ
953 703 1061 792 κῶμα
1088 692 1275 768 καλύπτει.

202 816 322 914 αύτάρ
348 817 438 912 ἐπὴν
462 825 601 893 νοῦσον
626 817 750 909 τελέσῃ
775 816 894 916 μέγαν
920 818 968 896 εὶς
993 812 1178 903 ἐνιαυτὸν,

140 952 191 1005 8⁰0
205 934 313 1018 ἄλλος
339 935 378 1010 δ’
408 940 447 1020 ἐξ
470 936 584 1009 ἄλλου
610 934 753 1030 δέχεται
776 929 1030 1029 χαλεπώτερος
1055 927 1183 1014 ἆθλος.

203 1050 358 1134 εἰνάετες
383 1051 424 1126 δέ
450 1057 555 1129 θεῶν
579 1052 817 1150 ἀπομείρεται
844 1050 923 1125 αέἐν
949 1046 1100 1138 ἐόντων,

202 1166 278 1228 οὐδέ
294 1166 366 1229 ποτ’
388 1167 419 1238 ἐς
436 1168 553 1247 βουλὴν
573 1168 762 1246 ἐπιμίσγεται
783 1164 852 1227 οὐδ’
875 1166 922 1228 ἐπί
943 1165 1061 1234 δαῖτας,

202 1262 307 1339 ἐννέα
333 1261 444 1338 πάντ’
473 1266 572 1337 ἐτεα·
600 1260 743 1359 δεκάτῳ
767 1263 804 1338 δ’
833 1259 1060 1362 ἐπιμίσγεται
1086 1254 1190 1341 αὖτις

204 1381 318 1477 εἷρέας
344 1380 553 1456 ἀθανάτων
580 1384 614 1454 οἳ
637 1379 820 1476 Ὀλύμπια
847 1378 997 1476 δώματ’
1026 1381 1160 1472 έχουσι.

140 1516 191 1568 805
204 1504 307 1574 τοῖον
333 1499 400 1597 ἄρ’
425 1499 537 1597 ὄρκυν
562 1502 691 1576 ἔθεντο
717 1498 803 1572 θεοὶ
825 1497 974 1599 Στυγὸς
1001 1496 1168 1593 ἄφθιτον
1193 1493 1311 1592 ὕδωρ,

205 1613 382 1717 ώγύγιον,
408 1615 451 1690 τό
477 1618 522 1690 θ’
549 1621 625 1711 ἵησι
650 1617 931 1714 καταστυφέλου
958 1613 1021 1688 διὰ
1044 1610 1185 1711 χώρου.

126 2026 206 2085 XIII.

140 2118 334 2215 εκθΛύτᾶρ
362 2119 437 2192 ἐπεὶ
467 2125 623 2214 Τιτῆνας
646 2120 713 2192 ἀπ’
742 2119 906 2216 ούρανοῦ
931 2120 1072 2202 ἐξέλασε
1098 2120 1207 2207 Ζεύς,

203 2232 408 2311 ὁπλότατον
432 2238 510 2311 τέκε
535 2238 653 2313 παῖδα
684 2238 843 2335 Τυφωέα
870 2243 968 2310 Γαῖα
994 2235 1137 2333 πελώρη

206 2352 404 2453 Ταρτάρου
431 2359 471 2431 ἐν
495 2357 661 2455 φιλότητι
687 2357 750 2431 διά
773 2355 935 2455 χρυσέην
954 2354 1183 2452 Ἀφροδίτην.

203 2467 248 2549 οὗ
269 2479 386 2570 χεῖρες
411 2472 480 2571 μέν
507 2479 609 2552 ἐάσιν
634 2476 693 2550 ἐπ’
722 2473 821 2570 λσχύι
847 2472 1000 2574 ἔργματ’
1029 2475 1192 2567 ἐχουσαι,

202 2590 265 2664 καὶ
290 2589 399 2674 πόδες
426 2591 610 2689 ἀκάματοι
636 2601 817 2691 κρατεροῦ
841 2597 953 2665 θεοῦ·
981 2594 1020 2663 ἐκ
1045 2590 1091 2664 δέ
1112 2593 1148 2664 οἱ
1171 2592 1287 2687 ώμων

141 2726 191 2778 825
205 2703 252 2803 ἦν
276 2709 408 2784 ἑκατὸν
431 2711 587 2809 κεφαλαὶ
613 2712 732 2810 ὄφιος,
760 2711 894 2786 δεινοῖο
921 2708 1137 2806 δράκοντος,

197 2824 384 2928 γλώσσῃσι
409 2830 614 2927 δνοφερῇσι
641 2827 876 2926 λελειχμότες,
904 2832 943 2902 ἐκ
969 2827 1014 2901 δέ
1036 2829 1072 2900 οἱ
1097 2829 1221 2905 ὄσσων

200 2947 396 3039 θεσπεσίῃς
421 2957 622 3047 κεφαλῇσιν
645 2949 711 3022 ἀπ’
738 2946 875 3047 ὀφρύσι
900 2955 973 3043 πῦρ
1001 2945 1207 3044 ἀμάρυσσε.

203 3059 327 3120 πασέων
347 3059 379 3119 δ’
400 3062 433 3122 ἐκ
453 3063 612 3143 κεφαλέων
631 3067 692 3139 πῦρ
713 3065 815 3124 καίετο
837 3062 1041 3141 δερκομένοιο.

200 3154 325 3252 φωναὶ
351 3154 388 3228 δ’
416 3159 464 3231 ἐν’
481 3154 641 3250 πάσῃσιν
666 3159 755 3232 ἔσαν
780 3158 899 3250 δεινῇς
922 3165 1101 3255 κεφαλῇσι

137 3290 191 3342 830
205 3272 384 3369 παντοίην
410 3275 474 3373 ἀφ’
503 3277 611 3348 ἱεῖσαι
638 3277 876 3374 ἀθέσφατον·
903 3276 1030 3350 ἄλλοτε
1054 3277 1125 3372 μὲν
1148 3279 1223 3378 γὰρ

203 3391 419 3492 φθέγγονιῖ
447 3393 536 3474 ώςτε
564 3396 683 3466 θεοῖσι
710 3396 894 3494 συνιέμεν,
921 3394 1049 3467 ἄλλοτε
1074 3395 1098 3469 δ
1103 3395 1113 3420 ³
1142 3393 1231 3470 αὖτε

200 3504 343 3606 ταύρου
366 3507 585 3608 ἐριβρύχεω,
608 3512 718 3607 μένος
743 3512 914 3606 ἀσχέτου,
942 3512 1059 3588 ὄσσαν
1084 3513 1265 3614 ἀγαύρου,

90 3676 93 3683 ,
196 3624 324 3700 ἄλλοτε
351 3628 393 3703 δ’
419 3626 507 3704 αὖτε
534 3630 677 3714 λέοντος
701 3631 855 3707 ἀναιδέα
880 3630 1009 3724 θυμὸν
1034 3633 1195 3725 ἐχοντος,

199 3744 327 3820 ἄλλοτε
353 3747 393 3821 δ’
422 3745 471 3822 αὗ
498 3748 738 3824 σκυλάκεσσιν
762 3747 918 3839 ἐοικότα,
944 3746 1118 3844 θαύματ’
1145 3751 1317 3842 ἀκοῦσαι,

136 3879 186 3932 835
202 3862 329 3938 ἄλλοτε
355 3864 394 3939 δ’
419 3863 469 3940 αὖ
496 3867 669 3963 ῥοίζεσχ’,
696 3868 768 3942 ῦπό
795 3868 832 3942 δ’
859 3868 964 3961 ἤχεεν
990 3866 1101 3964 οὔρεα
1126 3867 1262 3964 μακρά.

196 3979 260 4052 καί
285 3980 333 4056 νύ
358 4012 421 4060 κεν
445 3987 569 4059 ἐπλετο
596 3988 705 4087 ἐργον
732 3983 925 4080 ἀμήχανον
949 3984 1062 4082 ἤματι
1087 3985 1212 4085 κείνῳ,

195 4096 260 4170 καί
282 4125 346 4173 κεν
372 4101 435 4202 ὅγε
459 4107 632 4199 θνητοῖσι
656 4103 720 4177 καὶ
746 4099 995 4178 ἀθανάτοισιν
1020 4104 1165 4194 ἄναξεν,

195 4219 226 4289 εί
250 4215 302 4311 μὴ
329 4217 393 4316 ἄρ’
422 4220 488 4303 ὀξύ
512 4223 620 4317 νόησε
646 4221 766 4317 πατὴρ
794 4220 945 4318 ἀνδρῶν
969 4250 1008 4294 τε
1027 4225 1132 4296 θεῶν
1156 4251 1213 4296 τε·

197 4335 356 4433 σκληρὸν
384 4335 424 4410 δ’
451 4335 651 4434 ἐβρόντησε
676 4337 738 4410 καὶ
764 4337 967 4437 ὄμβριμον,
996 4339 1095 4437 ἀμφὶ
1121 4339 1161 4414 δέ
1185 4345 1276 4441 γαῖα

131 4471 182 4523 εεο
197 4452 422 4549 σμερδαλέον
444 4454 633 4553 κονάβησεΙ
655 4454 717 4530 καὶ
742 4457 900 4555 οὐρανὸς
925 4457 1033 4554 εὐρὺς
1060 4458 1235 4557 ὕπερθεν,
