2880 4950
465 150 553 249 λλ
626 211 669 221 -
712 175 754 241 23
795 214 838 224 .-

190 337 324 422 Ὕπνος
348 339 410 414 καὶ
437 338 614 431 Θάνατος,
642 342 756 418 δεινοὶ
780 344 882 417 θεοί·
911 345 1003 421 οὐδέ
1022 349 1108 422 ποτ’
1135 352 1271 434 αὐτούς
1328 412 1332 419 ,,

138 474 187 525 760
198 455 336 540 Ἠέλιος
362 459 520 556 φαέθων
545 457 768 556 ἐπιδέρκεται
794 458 1026 539 ἀκτίνεσσιν

199 573 362 672 οὐρανὸν
387 576 564 665 εἲςανιιδν,
589 576 673 652 οὐδ’
699 577 911 675 οὐρανόθεν
937 583 1188 680 καταβαίνων.

82 723 86 730 ·
196 699 274 766 τῶν
297 695 417 792 ἕτερος
432 694 510 790 ,μὲν
533 701 605 795 γῆν
628 721 668 767 τε
692 693 755 767 καὶ
780 694 1022 794 εὐρέανιῦτα
1039 697 1231 798 θαλάσσης

192 809 328 906 ἥσυχος
353 802 601 911 ἀνστρέφεταιΙ
619 811 682 885 καὶ
705 813 870 909 μείλιχος
891 815 1141 912 ἀνθρώποισι,

193 935 261 1001 τοῦ
287 927 328 1003 δέ
354 927 505 1028 σιδηρέη
527 927 597 1025 μὲν
620 929 764 1027 κραδίη,
786 929 947 1027 χάλκεον
969 934 1016 1008 δέ
1039 935 1074 1008 οἱ
1098 932 1188 1030 ήτορ
1218 924 1223 931 ’
1286 955 1288 959 ’

132 1061 182 1113 765
195 1043 314 1139 νηλεὲς
339 1050 380 1123 ἐν
405 1046 619 1143 στήθεσσιν·
647 1050 718 1143 ἔχει
733 1049 782 1123 δ’
809 1051 853 1125 ὃν
877 1060 1008 1147 πρῶτα
1033 1051 1192 1149 λάβῃσιν

194 1161 425 1261 ἀνθρώπων,
450 1164 586 1262 ἐχθρὸς
611 1163 653 1238 δέ
677 1166 739 1239 καὶ
764 1165 990 1243 ἀθανάτοισι
1016 1173 1170 1245 θεοῖσιν.
1245 1202 1248 1208 ·

234 1281 355 1355 Ἔνθα
380 1286 475 1356 θεοῦ
496 1281 659 1377 χθονίου
684 1281 853 1381 πρόσθεν
877 1283 988 1381 δόμοι
1013 1285 1192 1383 ἠχήεντες,

190 1399 354 1494 ἰφθίμου
379 1401 417 1474 τ’
437 1399 565 1475 Ἀίδεω
592 1399 654 1474 καὶ
679 1403 826 1497 ἐπαινῆς
851 1407 1138 1503 Περσεφονείης,

169 1518 351 1608 εὲστάσιν,
378 1517 496 1616 δεινὸς
520 1518 562 1601 δέ
585 1517 690 1593 κύων
713 1513 946 1616 προπάροιθε
972 1509 1168 1621 φυλάσσει,

128 1651 179 1702 770
192 1636 345 1731 νηλειὴς,
372 1637 505 1732 τέχνην
530 1635 571 1711 δέ
595 1636 713 1732 κακὴν
738 1638 827 1731 ἔχει·
854 1641 890 1720 ἐς
914 1639 984 1734 μέν
1008 1639 1132 1723 ἰόντας
1176 1640 1178 1644 ’

159 1759 160 1762 ’
191 1751 306 1827 σαίνει
332 1754 434 1849 ὁμῶς
459 1753 550 1850 οὐρῇ
576 1783 615 1826 τε
640 1753 703 1828 καὶ
729 1754 862 1829 οὔασιν
886 1755 1165 1854 ἀμφοτέροισιν,

192 1873 354 1954 ἐξελθεῖν
379 1872 417 1947 δ’
444 1871 513 1945 οὐκ
533 1868 637 1954 αὐτις
663 1876 705 1968 ἐᾷ
730 1871 854 1962 πάλιν,
882 1873 974 1947 ἀλλά
1000 1873 1166 1951 δοκεύων

188 1989 304 2062 ἐσθίει
330 1991 374 2065 όν
398 2019 436 2063 κε
463 1986 598 2086 λάβῃσι
624 1989 770 2064 πυλέων
794 1991 973 2066 ἔκτοσθεν
996 1988 1112 2066 ἰόντα.

187 2105 323 2185 ἰφθίμου
343 2102 373 2166 τ’
391 2103 497 2166 Ἀίδεω
517 2104 569 2165 καί
589 2103 714 2182 ἐπαινῆς
733 2096 972 2188 Περσεφονείης.

125 2224 174 2274 775
231 2206 352 2282 Ἔνθα
377 2206 417 2281 δέ
441 2203 599 2281 ναιετάει
624 2207 779 2307 στυγερὴ
806 2208 896 2290 θεὸς
923 2205 1176 2303 ἀνθρώποισι,
1231 2276 1241 2291 ,.

185 2322 285 2417 δεινὴ
311 2324 428 2414 Στύξ,
453 2321 627 2424 θυγάτηρ
653 2322 846 2422 ἀψορρόου
867 2326 1057 2412 Ὠκεανοῖο

185 2439 432 2540 πρεσβυτάτη.
458 2439 595 2538 νόσφιν
620 2439 661 2515 δέ
684 2446 789 2517 θεῶν
812 2442 927 2516 κλυτὰ
954 2440 1113 2538 δώματα
1137 2442 1231 2517 ναίει

185 2570 370 2660 μακρῇσιν
394 2560 544 2657 πέτρῃσι
567 2560 785 2656 κατηρεφέ’·
812 2561 911 2659 ἀμφὶ
935 2560 976 2636 δέ
1000 2559 1122 2655 πάντῃ

149 2757 152 2761 ,
183 2679 303 2754 κίοσιν
327 2678 538 2780 ἀργυρέοισι
562 2678 653 2775 πρὸς
679 2677 841 2775 οὐρανὸν
866 2677 1082 2780 ἐστήρικται.
1280 2781 1284 2787 ⁴

121 2815 173 2866 780
186 2805 312 2895 παῦρα
336 2796 377 2871 δέ
405 2793 628 2890 Θαύμαντος
648 2793 821 2896 θυγάτηρ
845 2795 965 2880 πόδας
990 2791 1085 2869 ἀκέα
1100 2791 1187 2891 Ἰρις

184 2914 353 3015 ἀγγελίης
377 2920 550 2987 πωλεῖται
577 2911 637 2985 ἐπ’
662 2911 771 3008 εὐρέα
796 2920 898 2987 νῶτα
924 2911 1145 3023 θαλάσσης,

186 3023 320 3105 ὁππότ’
348 3034 420 3129 έρις
444 3030 508 3104 καὶ
528 3036 646 3112 νεῖκος
672 3033 712 3104 ἐν
738 3028 985 3114 ἀθανάτοισιν
1011 3031 1155 3128 ὄρηται,
1193 3101 1196 3104 ,
1232 3108 1234 3115 ,

182 3149 247 3223 καί
271 3150 308 3245 ῥ’
335 3151 428 3232 ὅςτις
453 3145 635 3248 ψεύδηται
653 3147 837 3244 Ὀλύμπια
862 3147 1009 3245 δείματ’
1038 3148 1215 3243 ἐχόντων·

180 3267 274 3350 Ζεύς
299 3267 345 3341 δέ
364 3297 403 3342 τε
419 3264 510 3364 Ἰριν
534 3269 680 3364 ἐπεμιγε
694 3270 799 3342 θεῶν
822 3267 942 3368 μέγαν
968 3267 1081 3365 ὅρκον
1105 3270 1238 3341 ἐνεῖκαι

121 3409 171 3458 785
185 3385 344 3482 τηλόθεν
368 3391 408 3461 ἐν
429 3384 567 3483 χρυσέῃ
592 3382 752 3490 προχόῳ,
779 3383 1170 3484 πολυάνομονούδιορ,

184 3505 345 3602 ψυχρὸν,
372 3504 428 3577 ὅτ’
456 3509 496 3578 ἐκ
521 3503 651 3600 πέτρης
673 3505 929 3601 καταλείβεται
953 3501 1159 3602 ἠλιβάτοιο,
1240 3557 1242 3559 >

184 3623 344 3719 ὐφηλής.
370 3622 506 3698 πολλὸν
531 3622 576 3696 δέ
593 3623 641 3695 θ’
667 3623 739 3696 ὑπὸ
762 3624 905 3717 χθονὸς
929 3619 1138 3719 εὐρυοδείης

189 3746 227 3824 ἐξ
252 3742 352 3837 ἱεροῦ
372 3746 555 3836 ποταμοῖο
582 3741 651 3835 ῥέει
677 3740 739 3815 διά
766 3738 885 3815 νύκτα
910 3741 1088 3837 μέλαιναν

180 3859 370 3933 Ὠκεανοῶ
395 3859 523 3957 κέρας·
551 3856 685 3952 δεκάτη
712 3859 749 3934 δ’
777 3858 836 3933 ἐπὶ
859 3863 974 3956 μοῖρα
991 3855 1184 3931 δέδασται.

123 3995 173 4047 τεο
188 3976 296 4071 ἐννέα
318 3977 388 4072 μὲν
412 3977 494 4075 περὶ
514 3985 585 4078 γῆν
609 4005 648 4050 τε
674 3975 736 4050 καὶ
760 3977 867 4074 εὐρέα
892 3982 995 4052 νῶτα
1020 3971 1212 4070 θαλάσσης

70 4088 75 4093 ’
183 4095 285 4189 δίνῃς
311 4094 491 4196 ἀργυρέῃς
516 4097 716 4198 εἱλιγμένος
742 4099 790 4178 εἰς
817 4095 888 4167 ἀλα
915 4092 1050 4182 πίπτει,
1149 4109 1157 4127 ·

183 4214 205 4308 ἦ
234 4212 275 4288 δέ
299 4213 357 4310 μί’
384 4218 423 4287 ἐκ
448 4214 578 4312 πέτρης
603 4216 747 4314 προρέει
771 4214 867 4314 μέγα
893 4219 996 4307 πῆμα
1021 4213 1175 4284 θεοῖσιν.

185 4332 224 4413 ὅς
249 4361 311 4406 κεν
337 4332 404 4428 τὴν
429 4333 605 4428 ἐπίορκον
626 4331 828 4430 ἀπολείφας
855 4327 1042 4425 ἐπομόσσῃ

187 4450 395 4526 ἀθανάτων
420 4453 456 4523 οἳ
482 4453 603 4544 έχουσι
630 4449 724 4548 κάρη
751 4449 939 4549 νιφόεντος
961 4441 1164 4538 Ὀλύμπου,
1226 4498 1230 4506 .
