2880 4950
666 254 708 264 —
745 239 806 299 ‘vul
850 255 890 268 -

257 388 293 445 X.
331 388 492 447 507-590.
532 386 663 444 Narratio
684 387 720 445 de
740 388 830 465 Iapeti
850 389 925 462 filiis,
946 408 980 446 ex
999 390 1083 448 variis
1103 392 1230 469 reliquiis
1250 392 1384 469 antiquae

180 480 275 558 poesis
300 482 431 538 conflata.
470 479 610 538 Narratur
634 481 763 558 inprimis
789 481 967 559 (535-590)
993 483 1070 542 fraus
1091 485 1156 543 Jovi
1178 485 1252 544 facta
1273 505 1290 542 a
1311 485 1382 544 Pro·

180 573 302 646 metheo,
322 593 385 630 curn
407 574 442 631 de
460 572 605 630 sacrificiis
625 573 790 631 ordinandis
805 575 925 652 Sicyone
938 584 1068 652 ageretur
1074 602 1082 646 ;
1103 578 1232 654 sequitur
1251 577 1382 634 formatio

179 667 320 740 mulieris,
339 667 368 725 in
387 667 498 744 generis
517 667 635 724 humani
661 667 794 724 damnum
816 687 832 724 a
851 668 922 726 Jove
942 667 1058 726 deorum
1081 670 1285 746 hominumque
1304 677 1384 746 patre

179 767 280 819 creata.
321 761 430 817 Inserta
450 767 492 817 est
512 758 669 817 criminatio
690 779 774 818 sexus
793 761 939 820 muliebris
960 761 1242 838 (591-612)‚quao
1263 762 1382 820 alienam

179 872 293 911 manum
315 861 343 911 et
361 853 424 930 ipsa
442 851 547 929 prodit.

255 948 305 1004 XI.
345 947 505 1008 617-735.
547 944 733 1003 Celebrantur
759 946 982 1006 Hecatonchires
1007 968 1024 1005 a
1050 949 1120 1007 Jove
1150 949 1261 1007 liberati
1293 958 1321 1006 et
1352 948 1382 1005 in

178 1040 313 1097 auxilium
334 1039 451 1098 deorum
471 1038 564 1096 vocati
579 1037 648 1113 (617
651 1038 772 1114 -672);
792 1039 897 1099 inserta
915 1040 984 1098 huic
1004 1041 1121 1099 carmini
1135 1048 1177 1098 est
1192 1041 1264 1099 alius
1282 1049 1383 1118 poetae

177 1132 287 1190 tumida
316 1133 439 1191 narratio
470 1131 505 1189 de
537 1132 616 1189 clade
651 1132 785 1189 Titanum
817 1132 1021 1212 (673—712),
1052 1136 1101 1212 qui
1132 1134 1265 1210 deinceps
1295 1133 1382 1190 tincti

177 1232 206 1282 et
220 1225 460 1284 Hecatonchirum
475 1224 621 1283 custodiae
633 1224 731 1282 traditi
746 1224 775 1281 in
791 1226 910 1285 Tartaro
923 1227 1034 1304 degisse
1049 1228 1178 1286 feruntur
1193 1226 1381 1302 (713-735).

178 1318 258 1386 Quae
277 1326 372 1376 tamen
392 1318 427 1377 de
441 1318 575 1377 Titanum
597 1316 740 1374 domicilio
760 1316 857 1375 fabula
876 1318 906 1375 in
926 1320 1042 1379 alterius
1062 1319 1233 1378 recensionis
1254 1318 1382 1376 versibus

176 1411 271 1470 adhuc
292 1409 462 1468 conservatis
475 1411 542 1487 (721
557 1411 710 1470 740—745
730 1412 882 1470 SOI—819
903 1410 939 1469 cf.
954 1411 1118 1486 736-739)
1132 1429 1165 1468 eo
1180 1412 1283 1486 differt,
1303 1411 1382 1488 quod

174 1503 398 1563 Hecatonchires
427 1503 536 1562 Oceani
568 1503 644 1580 ripas
677 1503 806 1561 incolunt
832 1503 1017 1580 Neptunique
1047 1502 1183 1561 affinitate
1215 1505 1381 1580 gloriantur.

176 1595 308 1654 Ceterum
329 1604 421 1654 totum
440 1597 496 1654 hoc
515 1615 628 1654 carmen
646 1596 770 1654 Atticam
791 1595 927 1673 originem
949 1596 1031 1672 sapit.

251 1689 317 1747 XII.
358 1692 518 1750 744-806.
558 1689 736 1748 Describitur
756 1689 929 1747 domicilium
947 1688 1047 1746 Noctis
1067 1698 1094 1748 et
1113 1689 1260 1747 numinum
1275 1690 1380 1748 infero·

174 1801 251 1850 rum;
272 1782 367 1859 Stygis
387 1803 502 1861 quoque
522 1792 550 1842 et
569 1781 753 1841 iurisiurandi
774 1782 891 1840 deorum
911 1781 1043 1840 maiestas
1063 1782 1223 1859 exponitur.

249 1876 329 1934 XIII.
369 1878 531 1937 sao—868.
569 1877 695 1935 Deorum
721 1895 818 1953 pugna
845 1881 943 1933 contra
967 1873 1153 1951 Typhoeum,
1180 1874 1265 1932 simili
1291 1873 1377 1933 modo

174 1987 231 2045 quo
252 1968 469 2028 Titanomachia
491 1968 628 2046 (dli-iss),
646 1977 791 2036 narratur3
817 1967 969 2026 subiuncta
989 1975 1031 2024 est
1049 1969 1205 2027 Ventorum
1227 1965 1379 2042 descriptio

249 2154 327 2214 XIV,
345 2154 407 2212 XV.
447 2156 607 2215 881-962.
648 2153 812 2230 Sequuntur
841 2152 985 2212 Hesiodea
1017 2152 1052 2211 de
1083 2152 1190 2230 nuptiis
1224 2161 1251 2210 et
1283 2151 1379 2211 liberis

173 2245 290 2304 deorum
317 2247 482 2323 fragmenta.
521 2247 680 2306 Praemisso
706 2245 904 2324 compositoris
924 2245 1041 2305 exordio
1067 2244 1102 2304 de
1122 2264 1210 2322 regno
1230 2245 1379 2304 numinum

172 2339 237 2398 Iovi
256 2341 352 2399 oblato
373 2340 462 2418 (XIV.
481 2341 658 2418 sal-885),
678 2348 858 2418 exponuntur
876 2338 998 2417 primum
1018 2338 1098 2397 Jovis
1116 2337 1295 2398 matrimonia
1312 2359 1378 2416 par·
1412 2404 1415 2408 ⁴

171 2441 275 2509 tusque
286 2433 408 2492 Junonis
424 2433 612 2511 (sss—929),
633 2433 735 2492 deinde
752 2433 872 2491 aliorum
890 2432 1048 2505 numinum,
1069 2431 1197 2509 Neptuni
1210 2451 1244 2488 ex
1257 2431 1379 2509 Amphi-

171 2524 251 2598 trite,
276 2523 356 2583 Jovis
381 2546 415 2583 cx
440 2527 519 2585 Maia
545 2519 654 2584 Semele
681 2533 767 2601 atque
786 2525 938 2597 Alcmena,
964 2523 1096 2599 Solisque
1119 2522 1268 2600 progenies
1289 2524 1379 2600 (XVI.

247 2710 324 2768 XVI.
364 2713 545 2771 963-1022.
585 2713 625 2770 In'
644 2711 745 2770 ultima
769 2712 823 2770 hac
850 2709 974 2784 sectione
993 2716 1143 2766 narrantur
1162 2710 1232 2767 varii
1251 2711 1376 2769 Deorum

170 2805 390 2880 mortaliumque
409 2823 527 2863 amores.
558 2805 632 2863 Fusc
653 2803 688 2863 de
707 2805 753 2863 his
772 2813 867 2862 actum
887 2803 923 2861 iri
941 2801 1125 2880 promittitur,
1146 2802 1196 2862 sed
1216 2802 1377 2863 delibantur

170 2897 367 2958 tantummodo
383 2895 493 2956 Cereris
506 2897 679 2957 Harmoniae
699 2906 784 2976 atque
798 2896 981 2968 Callirrhoes,
1000 2895 1129 2953 Aurorae
1143 2893 1263 2953 Medeae
1277 2896 1377 2954 Nerei·

171 2993 238 3050 dum
259 2991 458 3049 nonnullarum
479 2999 563 3066 atque
584 2991 680 3050 Circes
700 3011 826 3064 amores,
852 2989 960 3047 scilicet
984 2994 1017 3044 ut
1036 2986 1203 3046 feminarum
1222 2988 1377 3048 illustrium

170 3085 294 3144 narratio
314 3082 527 3156 introducatur,
556 3083 592 3142 de
617 3085 721 3160 quibus
740 3083 886 3141 Hesiodus
905 3082 935 3138 in
960 3078 1107 3165 deperdito
1128 3079 1278 3138 mulierum
1299 3089 1376 3140 cata-

170 3179 236 3255 logo
266 3171 369 3255 egerat.
418 3175 499 3234 Haec
527 3175 615 3253 igitur
646 3175 791 3234 conclusio
822 3170 1138 3251 (rora-rorarunt
1167 3191 1230 3230 cum
1259 3175 1376 3233 exordio

170 3270 287 3329 ultimae
306 3267 439 3328 sectionis
459 3267 636 3344 (sss-968)
658 3269 727 3346 quin
748 3264 945 3346 compositoris
965 3283 1052 3322 manu
1079 3265 1189 3321 adiecta
1215 3265 1265 3339 sit,
1293 3268 1376 3326 dubi·

125 3437 128 3441 ,
169 3364 223 3422 tari
241 3383 300 3421 non
320 3371 421 3439 potest.
