2880 4950
629 260 670 266 „
713 221 735 282 4
777 258 820 267 ,-

197 391 259 466 οἶά
284 422 322 464 τε
350 389 548 463 Μουσάων
574 388 650 484 ὶερῆ
677 387 778 469 δόσις
806 387 1076 484 ἀνθρώποισιν.

196 569 236 637 ἐκ
260 563 334 664 γάρ
362 559 560 636 Μουσάων
585 559 649 634 καὶ
675 557 855 656 ἑκηβόλου
875 557 1099 643 Ἀπόλλωνος

152 701 184 751 οε
199 681 329 777 ἄνδρες
354 678 476 754 ἀοιδοί
502 681 604 752 έασιν
631 677 688 751 ε’πί
710 675 837 772 χθόνα
864 677 927 750 καὶ
952 679 1168 774 κιθαρισταὶ

199 803 238 872 ἐκ
264 798 305 872 δὲ
332 799 419 881 Διὸς
443 800 629 895 βασιλῆες·
657 796 677 870 δ
704 796 742 870 δ’
771 796 894 893 ὄλβιος
920 797 1048 870 ὅντινα
1075 805 1233 872 Μοῦσαι
1262 848 1264 853 -

198 917 392 1015 φίλωνται,
419 912 576 1018 γλυκερή
603 917 637 987 οἱ
665 915 736 987 ἀπὸ
765 913 947 1008 στόματος
974 915 1042 1010 ῥέει
1068 914 1176 1011 αὐδή.

200 1041 230 1108 ελ
255 1034 328 1137 γάρ
355 1034 495 1118 τιςκαὶ
520 1035 657 1115 πένθος
683 1035 778 1127 έχων
803 1031 973 1128 νεοκήδεϊ
992 1037 1109 1129 θυμῴ

199 1154 329 1249 ἄζηται
353 1153 510 1251 κραδίην
537 1150 779 1247 ἀκαχήμενος,
805 1151 926 1247 αὐτὰρ
952 1150 1078 1234 ἀοιδὸς

136 1293 186 1342 τοο
199 1271 398 1373 Μουσάων
424 1269 604 1367 θεράπων
628 1276 728 1342 κλεῖα
754 1270 944 1364 προτέρων
970 1268 1186 1366 ἀνθρώπων

200 1390 358 1486 ὑμνήσῃ,
384 1386 555 1484 μάκαράς
580 1418 619 1461 τε
644 1387 757 1469 θεοὺς
785 1391 820 1487 οἳ
837 1387 1042 1484 Ὄλυμπων
1068 1391 1226 1483 ἔχουσιν,

200 1508 284 1606 αἶψ’
312 1509 375 1610 ὅγε
401 1507 640 1603 δυςφρονέων
667 1504 889 1601 ἐπιλήθεται,
918 1506 1009 1580 οὐδέ
1026 1537 1061 1580 τι
1086 1506 1229 1602 κήδεων

199 1628 400 1725 μέμνηται·
427 1625 566 1718 ταχέως
593 1623 633 1696 δέ
660 1626 868 1721 παρέτραπε
895 1625 999 1721 δῶρα
1027 1623 1165 1699 θεάων.

196 1839 354 1936 Χαίρετε
381 1838 488 1911 τέκνα
515 1835 613 1925 Διός,
642 1836 726 1910 δότε
753 1837 790 1911 δ’
818 1837 1036 1936 ἱμερόεσσαν
1062 1836 1202 1932 ἀοιδήν.
1229 1885 1234 1894 ·

140 2011 188 2083 195
201 1988 327 2055 κλείετε
349 1985 384 2054 δ’
409 1984 701 2074 ἀθανάτωνίερδν
724 1989 817 2073 γένος
840 1987 911 2056 αἰὲν
932 1985 1062 2066 ἐόντων,

204 2087 241 2158 οἳ
259 2095 318 2176 γῆς
340 2085 526 2175 ἐξεγένοντο
549 2090 606 2156 καὶ
631 2084 783 2175 Οὐρανοῦ
805 2086 1020 2178 ἀστερόεντος
1043 2108 1047 2116 ·

202 2188 333 2270 Νυκτός
354 2216 389 2256 τε
413 2193 586 2279 δνοφερῆς,
611 2189 668 2270 οὓς
691 2188 730 2257 θ’
755 2187 902 2278 ἁλμυρὸς
924 2189 1041 2280 ἔτρεφε
1062 2188 1201 2270 Πόντος,

200 2293 302 2354 είτιατε
323 2290 354 2351 δ’
377 2288 419 2361 ὡς
438 2298 588 2367 ταπριῦτα
608 2293 677 2350 θεοὶ
698 2293 748 2351 καί
770 2292 842 2352 Γαῖ’
864 2293 1000 2372 ἐγένοντο

200 2387 250 2446 καὶ
271 2384 405 2462 ποταμοί
424 2384 475 2443 καί
495 2380 607 2454 πόντος
628 2380 791 2462 ἀπείριτος,
813 2384 937 2463 οἴδματι
957 2383 1054 2458 θείων,

137 2493 186 2542 110
201 2473 303 2552 ι’ίστρα
322 2499 355 2536 τε
375 2471 596 2552 λαμπετόωντα
617 2474 668 2535 καί
689 2475 820 2556 οὐρανὸς
839 2475 930 2558 εδρδς
948 2473 1091 2557 ὕπερθεν.

201 2569 237 2638 οἵ
254 2566 285 2635 τ’
311 2569 346 2635 ἐκ
367 2572 433 2634 τῶν
454 2564 604 2654 ἐγένοντο
627 2568 717 2655 θεοί,
738 2571 883 2658 δωτῆρες
904 2566 1000 2650 ε’ἀων,

201 2671 246 2752 ὥς
267 2667 300 2736 τ’
325 2664 450 2758 δίφενος
472 2667 638 2738 δάσσαντο
661 2672 717 2741 καὶ
740 2667 785 2751 ὡς
806 2674 905 2756 τιμδς
927 2675 1089 2754 διέλοντο,

198 2770 260 2864 ήδδ
281 2773 338 2839 καὶ
360 2767 406 2852 ὡς
427 2777 587 2859 ταττριῦτα
610 2769 823 2857 πολύπτυχον
844 2773 937 2858 ἔσχον
950 2769 1137 2859 Ὄλυμπον.

197 2873 303 2944 ταῦτά
319 2900 381 2957 μοι
402 2871 529 2953 ἔσπετε,
554 2880 697 2943 Μοῦσαι
713 2872 884 2960 Ὀλύμπια
907 2874 1035 2962 δείματ’
1060 2876 1203 2961 ἔχουσαι,

137 2978 237 3055 115έξ
257 2973 358 3062 ἀρχῆς
380 2977 435 3042 καὶ
458 2974 583 3044 εἴπαθ’
608 2975 628 3044 ὅ
647 3005 681 3045 τι
704 2983 836 3066 πρῶτον
858 2977 962 3066 γένετ’
986 2977 1106 3046 αὐτῶν.

121 3207 158 3264 II.

188 3298 294 3369 Ἤτοι
322 3293 391 3389 μὲν
407 3291 605 3387 4προίτιστα
632 3292 737 3376 Χάος
762 3296 893 3393 γένετ’,
922 3295 1040 3389 αὐτὰρ
1064 3299 1185 3370 ἔπειτα

194 3412 282 3485 Γαῖ’
310 3409 563 3507 εὐρύστερνος,
589 3409 741 3486 πάντων
767 3412 848 3494 έδος
874 3413 1035 3512 ἀσφαλές
1061 3415 1142 3504 αἰεί,

196 3524 367 3588 ἀθανάτων
387 3524 420 3587 οἳ
436 3523 539 3602 έχουσι
560 3520 639 3603 κάρη
661 3523 818 3608 νιφόεντος
836 3525 1002 3606 Ὀλύμπου,

202 3612 359 3709 Τάρταρα
380 3617 411 3686 τ’
435 3615 594 3708 ήερόεντα
615 3624 707 3709 μυχῷ
726 3623 852 3704 χθονδς
874 3619 1072 3710 εὐρυοδείης,

51 3728 54 3735 ’
134 3745 183 3795 1το
196 3725 258 3820 ἠδ’
279 3725 396 3816 Ἔρος,
425 3723 464 3803 δς
489 3721 680 3806 κάλλιστος
705 3730 745 3799 έν
770 3725 993 3798 ἀθανάτοισι
1019 3731 1153 3816 θεοῖσι,

194 3841 398 3937 λυσιμελής,
424 3837 577 3914 πάντων
602 3872 640 3914 τε
666 3845 769 3916 θεῶν
794 3840 956 3914 πάντων·
971 3844 1007 3915 τ’
1035 3842 1252 3942 ἀνθρώπων

195 3956 384 4052 δάμναται
410 3961 450 4032 ἐν
476 3955 652 4052 στήθεσσι
677 3958 766 4034 νόον
792 3955 854 4030 καὶ
879 3959 1059 4059 ἐπίφρονα
1085 3963 1239 4063 βουλήν.

261 4068 315 4139 Ἐκ
339 4070 451 4152 Χάεος
474 4069 506 4140 δ’
521 4067 661 4162 ’Ἔρεβος
682 4099 718 4140 τε
738 4070 882 4156 μέλαινά
903 4103 939 4143 τε
962 4077 1037 4159 Νύξ
1058 4079 1223 4165 ε’γένοντο·

195 4173 327 4254 Νυκτός
348 4171 381 4240 δ’
407 4167 482 4240 αὖτ’
505 4173 628 4265 Αἰθήρ
650 4200 686 4242 τε
709 4176 765 4242 καί
781 4171 909 4266 Ἡμέρη
933 4174 1129 4266 ἐξεγένοντο,

132 4294 182 4346 125
195 4268 254 4355 οδς
273 4275 348 4342 τέκε
370 4274 545 4362 κυσαμένη,
565 4273 694 4363 Ἐρέβει
716 4275 873 4366 φιλότητι
893 4285 1038 4367 μιγεῖσα.

265 4382 362 4451 Γαΐα
390 4375 435 4450 δέ
454 4405 511 4448 τοι
534 4385 683 4474 πρῶτον
708 4379 777 4475 μέν
803 4381 968 4481 ἐγείνατο
994 4381 1077 4455 ἴσον
1103 4388 1235 4480 ἑαυτῆ·

193 4492 367 4588 Οὐρανόν
392 4491 625 4589 ἀστερόενθ’,
652 4501 715 4571 ἵνα
738 4527 805 4592 μιν
829 4499 911 4595 περὶ
935 4498 1057 4574 πάντα
1084 4503 1280 4580 καλύπτοι·
