2880 4950
701 173 893 237 „3-

272 343 375 428 αὐτις
401 346 439 420 δ’
468 341 517 417 αὐ
546 339 749 436 Θαύμαντα
776 343 895 442 μέγαν
919 341 982 414 καὶ
1008 340 1174 444 ἀγήνορα
1201 340 1374 438 Φόρκυν,

271 467 365 558 Γαίῃ
392 459 625 564 μισγόμενος,
651 460 713 534 καὶ
739 459 850 556 Κητώ
876 458 1134 557 καλλιπάρῃον,

272 581 465 682 Εὐρυβίην
488 581 525 654 τ’
554 576 770 676 ἀδάμαντος
796 577 850 653 ἐνὶ
875 578 983 677 φρεσὶ
1009 577 1139 674 θυμόν
1165 581 1334 675 ἔχουσαν.
1369 635 1372 638 «

211 721 263 772 κω
326 707 470 798 Νηρῆος
496 697 533 773 δ’
562 697 730 799 ἐγίνοντο
756 693 947 798 μεγήρατα
972 697 1081 772 τέκνα
1106 695 1256 791 θεάων,

274 818 399 916 πόντῳ
425 823 466 892 ὲν
491 816 696 917 ἀτρυγέτῳ,
721 814 784 889 καὶ
810 815 982 912 Δωρίδος
1007 815 1198 911 ἠϋκόμοιο,

273 935 409 1034 κούρης
428 937 619 1012 Ὠκεανοῖο
644 932 829 1029 τελήεντος
854 941 1048 1031 ποταμοῖο,
1077 956 1080 960 ’

275 1052 428 1153 Πρωτιό
452 1055 488 1128 τ’
517 1051 713 1151 Εὐκράντη
738 1081 789 1142 τε,
817 1051 912 1126 Σαιό
937 1052 972 1125 τ’
993 1050 1208 1150 Ἀμφιτρίτη
1233 1080 1287 1142 τε,

277 1170 438 1270 Εὐδοίρη
461 1200 500 1246 τε
527 1171 628 1254 θέτις
652 1199 704 1261 τε,
731 1170 877 1266 Γαλήνη
902 1200 941 1244 τε
967 1167 1117 1265 Γλαύκη
1141 1199 1192 1260 τε,

216 1308 266 1359 245
280 1290 467 1386 Κυμοθόη
493 1287 622 1365 Σπεισί
647 1319 698 1380 τε,
729 1287 801 1383 θόη
827 1289 871 1361 θ’
893 1288 988 1382 Ἀλίη
1014 1287 1049 1360 τ’
1077 1287 1241 1386 ἐρόεσσα,
1330 1320 1332 1324 ’

278 1409 341 1482 καὶ
361 1410 507 1505 Μελίτη
528 1407 707 1506 χαρίεσσα
734 1406 797 1480 καὶ
823 1405 1004 1501 Εὐλιμένη
1029 1406 1092 1480 καὶ
1111 1406 1259 1509 Ἀγαυή,

277 1528 456 1622 Πασιθέη
481 1527 518 1599 τ’
541 1523 682 1624 Ἐρατοί
706 1524 832 1599 τεκαὶ
859 1523 998 1620 Εὐνίκη
1024 1523 1248 1622 ῥοδόπηχυς·

279 1645 399 1720 Δωτώ
421 1643 635 1742 τεΠρωταί
660 1674 699 1718 τε
727 1644 903 1739 Φέρουσα
928 1673 967 1716 τε
991 1645 1189 1738 Δυναμένη
1214 1679 1268 1738 τε,

280 1765 425 1860 Νησαίη
447 1794 487 1837 τε
512 1763 575 1838 καὶ
592 1761 737 1856 Ἀκταίη
763 1759 826 1835 κοιλ
847 1762 1128 1858 Πρωτομέδεια,
1200 1775 1201 1778 ’

217 1903 268 1954 κσο
282 1883 404 1981 Δωρὶς
428 1881 491 1956 καῖ
516 1877 677 1975 Πανόπη
703 1878 765 1953 καῖ
791 1879 930 1974 εὐειδής
956 1881 1150 1970 Γαλάτεια,

273 1998 450 2095 Ἱπποθόη
474 1999 511 2071 τ’
540 1996 690 2094 ἐρόεσσα
715 1997 778 2070 καί
800 1996 968 2095 Ἱππονόη
994 1998 1211 2096 ῥοδόπηχυς,

280 2115 483 2213 Κυμοδόκη
512 2115 555 2188 θ’
583 2117 605 2210 ἢ
631 2114 771 2212 κύματ’
799 2121 839 2191 ἐν
863 2117 1040 2215 ήεροείδεϊ
1061 2117 1186 2216 πόντῳ

282 2235 411 2319 πνοιάς
436 2264 474 2309 τε
500 2235 650 2325 ζαθέων
676 2235 825 2332 ἀνέμων
850 2238 922 2311 σύν
946 2237 1195 2339 Κυματολήγῃ

282 2361 359 2450 ῥεῖα
385 2345 538 2452 πρηύνεί
561 2352 624 2428 καὶ
649 2352 826 2454 ε’ὐσῳύρῳ
848 2356 1078 2456 Ἀμφιτρίτῃ·

219 2471 406 2568 κσεΚυμοί
430 2472 464 2545 τ’
492 2471 614 2566 Ηϊόνη
637 2502 676 2544 τε
702 2473 927 2572 ε’ὐστέῳανός
953 2476 998 2549 θ’
1019 2472 1204 2571 Ἁλιμήδη,
1263 2557 1266 2561 .

277 2590 523 2689 Γλαυκονόμη
544 2621 584 2664 τε
609 2592 851 2689 φιλομμειδὴς
875 2593 939 2666 καὶ
961 2592 1248 2691 Ποντοπόρεια,
1304 2635 1306 2641 ·

281 2704 468 2809 Λειαγόρη
493 2737 532 2781 τε
558 2708 621 2782 καὶ
646 2710 819 2812 Εὐαγόρη
845 2712 908 2786 καὶ
932 2712 1158 2809 Λαομέδεια,

227 2825 229 2830 ’
280 2825 512 2924 Πουλυνόμη
537 2857 575 2900 τε
602 2827 665 2902 καὶ
690 2821 861 2926 Αὐτονόη
887 2831 951 2904 καὶ
975 2830 1236 2921 Λυσιάνασσα,

282 2945 434 3043 ,Εὐάρνη
459 2975 498 3018 τε
525 2945 626 3044 ῳυήν
651 2949 686 3021 τ’
716 2950 826 3045 ἐρατή
852 2949 915 3022 καὶ
941 2950 1037 3032 εἶδος
1062 2951 1230 3045 άμωμος,
1303 2954 1305 2958 ⁴

222 3059 350 3132 λευκαὶ
381 3062 559 3155 Ψαμάθη,
582 3066 761 3157 χαρίεσσα
787 3067 912 3159 δέμας,
941 3067 1002 3161 δίη
1027 3096 1065 3140 τε
1090 3067 1285 3163 Μενίππη,

284 3174 398 3272 Νησιό
421 3176 456 3250 τ’
485 3177 668 3274 Εὐπόμπη
694 3210 745 3270 τε,
776 3181 942 3278 θεμιστοό
967 3212 1006 3255 τε
1035 3184 1186 3281 Προνόη
1211 3217 1250 3260 τε
1352 3175 1369 3209 ”

264 3296 475 3392 ,Νημερτής
501 3297 560 3386 θ’,
585 3299 608 3392 ἣ
635 3301 775 3394 πατρὸς
800 3303 870 3394 ἔχει
896 3299 985 3376 νόον
1010 3301 1229 3378 ἀθανάτοιο.

286 3403 387 3479 αὗται
406 3415 468 3497 μὲν
489 3416 625 3502 Νηρῆος
646 3410 817 3498 ἀμύμονος
840 3417 1026 3504 ἐξεγένοντο

284 3518 402 3602 κοῦραι
423 3512 638 3604 πεντήκοντα,
663 3513 817 3602 ἀμύμονα
838 3516 906 3606 ἔργ’
931 3519 1064 3588 εἰδυῖαι.

207 3695 240 3751 V.

219 3805 270 3858 265
338 3787 489 3885 Θαύμας
515 3789 554 3861 δ’
572 3791 761 3866 Ὠκεανοῖο
787 3795 1043 3890 βαθυρρείταο
1071 3795 1246 3898 θύγατρα

195 3995 198 3999 ¹
281 3905 431 4007 ἠγάγετ’
458 3907 678 4003 Ἠλέκτρην·
705 3908 726 4002 vj
755 3909 792 3983 δ’
821 3912 957 3986 ιύκεῖαν
980 3913 1082 3988 τέκεν
1097 3913 1189 4014 Ἰριν

281 4021 469 4117 ήϋκόμους
494 4025 539 4097 θ’
557 4025 743 4122 Ἅρπυιας,
765 4028 894 4101 Ἆελλιό
920 4030 958 4102 τ’
982 4031 1187 4131 Ὠκυπέτην
1211 4068 1263 4127 τε,

252 4157 255 4166 ’
284 4143 327 4213 αῖ
349 4140 384 4236 ῥ’
410 4140 561 4236 ἀνέγνων
585 4153 730 4236 πνοιῇσι
755 4145 818 4220 καὶ
844 4151 989 4232 οἰωνοῖς
1015 4151 1083 4247 ἀμΦ
1111 4157 1257 4228 ἕπονται

286 4258 414 4352 αῖκείῃς
438 4257 673 4360 πτερύγεσσι,
700 4257 939 4360 μεταχρονίαι
963 4269 1036 4370 γάρ
1063 4276 1198 4347 ἴαλλον.

217 4461 269 4516 2⁷0
333 4444 482 4543 Φόρκυϊ
505 4447 543 4522 δ’
571 4445 621 4521 αὐ
647 4449 756 4544 Κητιδ
784 4455 923 4551 Γραίας
949 4459 1025 4531 τέκε
1053 4461 1315 4559 καλλιπάρῃος,
