2880 4950
621 217 813 279 ..5..

191 373 269 460 ι’ίφρ’
291 377 336 458 εἴη
355 376 530 459 μακάρεσσι
550 385 637 450 θεοῖς
656 378 726 450 έδος
744 378 885 463 ἀσφαλές
905 383 971 443 αἰεί·

188 475 335 576 γείνατο
363 476 402 574 δ’
434 477 555 573 Οὔρεα
582 475 722 572 μακρὰ,
751 480 853 551 θεῶν
875 478 1071 577 χαρίεντας
1098 483 1284 569 ἐναύλους.

127 591 361 671 1311Νυμφέιον,
383 590 420 651 αδ
435 593 574 651 ναιόοσιν
593 588 643 650 ἀν’
666 585 759 668 οῦρεα
778 589 966 673 βησσήεντα.

187 686 209 782 ἦ
237 685 278 759 δέ
303 684 367 759 καὶ
393 685 598 788 ἀτρύγετον
623 686 779 787 πέλαγος
804 686 918 780 τέκεν,
946 690 1094 786 οἴδματι
1123 698 1233 787 θῦον,

186 802 352 895 Πόντον,
377 806 464 902 άτερ
492 804 684 904 φιλότητος
709 808 903 903 ἐφιμέρου·
932 807 1052 904 αὐτάρ
1079 812 1200 886 ἔπειτα

186 924 346 1020 Οὐρανῷ
373 923 571 1019 εὐνηθεῖσα
598 925 674 999 τέκ’
701 925 877 1003 Ὠκεανὸν
898 926 1129 1024 βαθυδίνην,

186 1039 302 1115 Κοῖόν
323 1073 361 1115 τε
388 1048 522 1139 Κρεῖον
548 1043 609 1133 θ’,
634 1043 823 1144 Ὑπερίονά
848 1043 885 1116 τ’
909 1043 1072 1120 Ἰαπετόν
1097 1077 1147 1138 τε,

124 1175 173 1227 135
190 1157 300 1234 Οεῖοίν
325 1191 364 1233 τε
387 1159 507 1234 Ῥεῖάν
530 1189 581 1248 τε,
612 1162 724 1256 θέμιν
749 1194 787 1237 τε
812 1160 1073 1258 Μνημοσύνην
1098 1195 1149 1256 τε,

187 1277 337 1372 Φοίβην
362 1306 401 1351 τε
423 1279 730 1376 χρυσοστέφανον
760 1276 955 1376 Γηθυν
919 1310 939 1353 τ
983 1281 1181 1380 ἐρατεινήν

184 1392 272 1476 τούς
298 1395 338 1469 δέ
364 1395 455 1491 μέθ
484 1393 684 1480 ὁπλότατος
708 1398 833 1499 γένετο
860 1395 1004 1495 Κρόνος
1030 1386 1297 1527 ἀγκυλομήτης,

185 1511 396 1596 δεινότατος
421 1512 587 1589 παίδων
615 1516 779 1614 θαλερον
804 1516 844 1590 δ
871 1516 1014 1614 ἤχθηρε
1040 1547 1165 1616 τοκηα.

128 1724 317 1812 γείνατο
341 1722 375 1792 δ’
399 1752 443 1792 αυ
428 1719 657 1807 Κύκλωπας
678 1722 886 1816 ὐπέρβιον’
865 1755 945 1851 ητορ
967 1727 1110 1811 ἔχοντας,

124 1845 173 1895 1111
185 1823 332 1926 Βροντην
353 1852 389 1894 τε
410 1823 582 1915 Στερόπην
602 1854 638 1895 τε
660 1855 717 1896 και
708 1824 851 1917 Άργην
874 1825 987 1949 όμβρη
987 1828 1148 1916 ιόθυμον·

122 1937 167 1986 141
187 1926 214 1985 οι
213 1924 311 2004 Ζηνι
331 1926 466 2006 βρόντην
486 1951 503 1987 τ
507 1925 652 1989 ’ἔδοσαν
672 1931 781 2001 τεῦξάν
801 1951 832 1989 τε
853 1928 1018 2005 κεραυνόν·

125 2041 173 2089 114
186 2015 463 2101 Κοκλιοπεςδ
451 2014 548 2104 άνομ
572 2006 658 2149 ἦσριν
680 2020 864 2105 ἐπώνυμον,
889 2021 998 2090 οὕνεκ’
1024 2019 1089 2115 άρα
1112 2026 1225 2115 σφέων

122 2141 171 2193 145
183 2125 377 2212 κυκλοτερης
401 2119 627 2210 όφθαλμύς“
608 2150 674 2203 εεις
696 2124 839 2192 ἐνέκειτο
860 2121 1018 2214 μετώπῳ.

123 2235 170 2284 113
183 2227 298 2301 μοῦνος
319 2221 350 2283 δ’
373 2220 542 2304 ὀφθαλμός
561 2223 667 2305 μέσσῳ
687 2223 814 2285 ἐνέκειτο
835 2224 977 2306 μετοίκῳ.

122 2316 218 2387 142οί
240 2313 309 2385 δΗ
296 2313 372 2405 η’τοι
393 2316 435 2382 τά
457 2317 517 2399 μέν
541 2311 627 2383 άλλα
650 2323 746 2396 θεοῖς
769 2313 995 2405 ἐναλίγκιοι
972 2343 1067 2406 ησαν,

66 2453 69 2456 ·
123 2440 172 2491 146
185 2417 275 2501 ἰσχύς
297 2416 329 2486 τ’
354 2415 415 2507 ἠδέ
435 2416 492 2504 βίη
514 2419 572 2485 καί
591 2420 734 2506 μηχαναὶ
756 2413 841 2506 ἦσαν
862 2415 928 2486 ἐπ’
952 2418 1047 2508 ἔργῳ.

124 2543 173 2596 117
218 2516 339 2589 ’Ἀλλοι
362 2516 398 2587 δ’
423 2514 466 2587 αὐ
488 2518 593 2610 Γαίης
613 2547 650 2587 τε
672 2521 729 2587 καί
754 2516 906 2607 Οὐρανοῦ
928 2521 1115 2610 ἐξεγένοντο

123 2631 271 2713 118τρεῖς
292 2626 414 2702 παῖδες
435 2619 579 2710 μεγάλοι
601 2624 658 2690 καί
679 2615 851 2710 ῦμβριμοι,
877 2620 935 2690 οὐκ
959 2621 1149 2709 ὀνομαστοί,

123 2750 172 2800 149
184 2724 315 2805 Κόττος
336 2751 372 2793 τε
397 2723 567 2813 Βριάρεώς
589 2750 625 2790 τε
648 2721 735 2813 Γύης
756 2721 798 2792 θ’
822 2722 1024 2814 ὑπερήφανα
1046 2730 1154 2808 τέκνα,

121 2826 364 2903 151ὐίπλαοτοι·
388 2828 534 2913 κεφαλαὶ
556 2828 594 2894 δέ
617 2823 744 2914 ἐκάστηι
766 2825 970 2913 πεντήκοντα

122 2958 172 3007 152
184 2933 221 3013 ἐξ
241 2925 339 3014 ιῦμιον
361 2924 531 3016 ἐπέφυκον
553 2925 612 2995 ἐπὶ
630 2933 819 3014 στιβαροῖσι
840 2928 1009 3010 μέλεσσιν.

120 3047 169 3099 150
184 3037 244 3095 τιῦν
264 3028 373 3092 ἑκατὸν
392 3029 448 3106 μέν
456 3036 556 3106 χεῖρες
576 3024 632 3088 ἀπ’
655 3025 748 3106 άίμιον
768 3024 924 3100 ἀίσσοντο,

124 3141 172 3191 153
189 3123 276 3202 ἰσχύς
297 3120 327 3182 δ’
351 3120 487 3198 ἀπλητος
507 3119 639 3198 κρατερὴ
660 3121 783 3202 μεγάλῳ
803 3119 852 3180 ἐπὶ
872 3117 953 3180 εἴδει.

123 3339 172 3389 154
226 3315 356 3390 (Ὀσσοι
382 3312 456 3411 γάρ
482 3308 596 3405 Γαίης
622 3309 750 3384 τεκαὶ
778 3310 954 3406 Οὐρανοῦ
981 3311 1200 3410 ἐξεγένοντο,

122 3459 170 3509 155
185 3430 389 3508 δεινότατοι
415 3429 574 3517 παίδων,
603 3430 767 3527 σφετέρην
794 3429 960 3523 ἤχθοντο
986 3437 1092 3523 τοκῆι·

181 3558 219 3637 ἐξ
246 3551 368 3645 ἀρχῆς.
394 3546 558 3620 καὶτῶν
583 3546 651 3640 μέν
678 3547 776 3630 ὅπως
797 3576 852 3629 τις
877 3554 1007 3642 πρῶτα
1032 3547 1188 3646 γένοιτο,

183 3668 324 3748 πάντας
351 3661 648 3760 ἀποκρύπτασκε,
675 3663 738 3736 καὶ
763 3670 799 3746 ές
825 3662 920 3761 φάος
947 3663 1015 3736 οὐκ
1042 3663 1196 3752 ἀνίεσκε,

184 3787 297 3881 Γαίης
323 3789 366 3857 ἐν,
386 3785 593 3877 κευθμῶνι,
621 3789 723 3878 κακῷ
750 3781 787 3854 δ’
817 3783 1027 3880 ἐπετέρπετο
1054 3782 1151 3887 Ιέργφ

185 3899 369 4002 Οὐρανός·
396 3901 418 3995 ἡ
446 3901 470 3974 δ
475 3900 484 3926 ²
514 3899 616 3982 ἐντός
643 3898 870 3993 στεναχίζετο
897 3902 994 3974 Γαῖα
1020 3897 1164 3995 πελώρη

122 4045 171 4096 τοο
185 4022 411 4116 στεινομένη,
438 4019 564 4114 δολίην
590 4017 631 4094 δέ
656 4018 774 4113 κακὴν
800 4015 1012 4114 ἐφράσσατο
1038 4018 1176 4112 τέχνην.

183 4141 278 4238 αἶψα
306 4138 346 4214 δέ
372 4135 555 4234 ποιήσασα
581 4138 685 4237 γένος
710 4143 840 4210 πολιοῦ
867 4134 1080 4232 ἀδάμαντος

184 4264 285 4343 τεῦξε
309 4258 405 4360 μέγα
432 4257 617 4352 δρέπανον
642 4255 705 4328 καὶ
731 4253 913 4351 ἐπέφραδε
938 4261 1043 4329 παῖσι
1070 4256 1239 4354 φίλοισιν.

187 4379 261 4451 εἷπε
288 4375 328 4450 δέ
348 4372 596 4472 θαρσύνουσα
623 4374 732 4470 φίλον
759 4373 947 4469 τετιημένη
968 4369 1073 4469 ἦτορ·

236 4495 363 4578 παῖδες
389 4493 471 4590 ἐμοὶ
495 4493 557 4567 καὶ
582 4490 719 4587 πατρὸς
746 4488 976 4578 ἀτασθάλου,
1005 4489 1079 4562 αἴν’
1106 4489 1253 4586 ἐθέλητε
