2880 4950
598 223 812 286 ,17-

215 387 284 470 Ὣς
309 387 408 486 φάτο
429 390 619 486 χωόμενος
645 391 739 473 Ζεὺς
761 389 909 488 ἄφθιτα
931 388 1050 484 μήδεα
1077 392 1202 477 εἰδώς·

175 508 215 578 ἐκ
234 503 372 580 τούτου
397 507 443 603 δὴ
464 506 606 597 ἔπειτα,
626 505 740 582 δόλου
764 507 994 604 μεμνημένος
1020 509 1105 600 αλεὶ,

172 622 241 696 οὐκ
265 623 393 698 ε’δίδου
417 626 575 721 μελέοισι
600 625 716 723 πυρὸς
739 626 849 721 μένος
874 623 1080 720 ἀκαμάτοιο

173 744 327 837 θνητοῖς
352 741 581 841 ἀνθρώποις,
609 747 645 818 οἳ
670 743 729 818 ἐπὶ
749 743 866 839 χθονὶ
890 743 1137 823 ναιετάουσιν.

111 878 161 929 565
177 857 270 935 ἀλλά
295 888 361 956 μιν
387 860 612 957 ἐξαπάτησεν
638 857 699 944 ε’δς
723 867 810 944 παῖς
832 860 1022 953 Ἰαπετοῖο,

171 978 309 1076 κλέψας
334 977 541 1074 ἀκαμάτοιο
566 979 682 1076 πυρὸς
707 980 929 1075 τηλέσκοπον
955 980 1076 1082 αὐγήν

172 1097 213 1169 ἐν
236 1094 348 1193 κοίλφ
373 1095 550 1195 νάρθηκι·
579 1095 693 1172 δάκεν
719 1096 764 1171 δέ
787 1099 804 1170 ἑ
827 1095 948 1173 νειόθι
975 1097 1114 1192 θυμόν.

172 1207 252 1288 Ζῆν’
273 1207 493 1292 ὑψιβρεμέτην,
514 1207 645 1290 ἐχόλωσε
666 1210 702 1272 δέ
718 1236 771 1289 μιν
792 1211 882 1291 φίλον
900 1202 987 1292 ἦτορ,

172 1299 215 1373 ώς
233 1301 277 1363 ἴδ’
299 1305 331 1365 ἐν
350 1300 544 1383 ἀνθρώποισι
565 1304 663 1384 πυρὸς
681 1303 870 1382 τηλέσκοπον
890 1302 996 1393 αὐγήν,

107 1415 159 1467 570
221 1397 365 1499 Λύτίκα
392 1399 417 1474 δ
421 1398 432 1424 ³
458 1399 542 1476 ἀντὶ
566 1400 680 1496 πυρὸς
704 1404 829 1483 τεῦξεν
853 1399 970 1475 κακὸν
993 1398 1246 1498 ἀνθρώποισι·

166 1515 272 1617 γαίης
294 1516 367 1619 γάρ
395 1515 610 1614 σύμπλασσε
636 1517 848 1615 περικλυτὸς
867 1517 1102 1620 Ἀμφιγυήεις

169 1618 348 1732 παρθένῳ
375 1635 496 1730 αἰδοίη
521 1642 641 1712 ίκελον
665 1634 856 1731 Κρονίδεω
883 1634 945 1710 διά
972 1636 1123 1733 βουλάς.

168 1753 262 1842 ζαῖσε
288 1752 329 1826 δὲ
354 1753 416 1825 καὶ
441 1752 602 1849 κόσμησε
628 1753 700 1827 θεά
726 1762 938 1854 γλαυκῶπις
957 1750 1094 1848 Ἀθήνη

171 1870 338 1973 ἀργυφέη
364 1873 514 1966 ἐσθῆτι·
540 1875 776 1968 κατακρήθεν
803 1870 843 1946 δὲ
868 1867 1082 1966 καλύπτρην

106 2008 158 2059 575
173 1988 371 2085 δαιδαλέην
391 1990 551 2087 χείρεσσι
575 1991 787 2084 κατέσχεθε,
814 1994 950 2083 θαῦμα
977 1989 1143 2064 ῖδέσθαι·

171 2103 252 2186 ἀμφὶ
273 2104 310 2166 δέ
327 2103 357 2166 οἳ
378 2101 560 2186 στεφάνους,
581 2102 748 2183 νεοθήλεας
768 2103 879 2167 ἄνθεσι
898 2103 997 2184 ποίης,

170 2196 313 2278 ἲμερτοδς
331 2197 488 2277 παρέθηκε
508 2195 641 2276 καρήατι
661 2195 793 2267 Παλλάς
807 2192 943 2274 Ἀθήνη·
1174 2260 1176 2264 Α

169 2292 269 2392 ἀμφὶ
294 2291 339 2367 δέ
364 2293 400 2364 οἱ
425 2289 611 2390 στεφάνην
632 2293 794 2390 χρυσέην
816 2299 1024 2390 κεφαλῇφιν
1049 2293 1189 2387 ἔθηκε,

168 2411 237 2509 τὴν
262 2409 374 2492 αὐτὸς
400 2409 527 2506 ποίησε
552 2409 764 2508 περικλυτὸς
782 2407 1027 2512 Ἀμφιγυήεις,

107 2550 159 2602 580
173 2527 335 2624 ἀσκήσας
359 2527 560 2626 παλάμῃσι,
583 2526 825 2627 χαριζόμενος
851 2527 913 2602 Διὶ
936 2525 1059 2625 πατρί.

167 2657 212 2742 τῇ
238 2648 263 2723 δ
268 2647 278 2673 ³
304 2645 357 2721 ἐνὶ
383 2646 544 2723 δαίδαλα
568 2646 684 2720 πολλὰ
709 2644 919 2742 τετεύχατο,
946 2650 1084 2742 θαῦμα
1108 2643 1269 2733 ἰδέσθαι,

140 2857 148 2864 ι
169 2763 332 2844 κνώδαλ’
360 2765 421 2838 όσ’
448 2767 594 2863 ήπειρος
619 2765 734 2840 πολλὰ
759 2765 882 2863 τρέφει
906 2763 972 2860 ἠδέ
997 2749 1184 2838 θάλασσα.

168 2892 247 2960 τῶν
271 2883 334 2984 όγε
359 2883 465 2955 πολλ’
493 2885 654 2978 ἐνέθηκε,
677 2881 786 2981 χάρις
813 2882 851 2957 δ’
872 2879 1112 2977 ἀπελάμπετο
1135 2879 1264 2975 πολλὴ,

167 2999 379 3099 θαυμάσια,
407 3000 557 3090 ζωοῖσιν
582 2999 725 3075 ἐοικότα
752 2998 972 3100 φωνήεσσιν.

104 3146 157 3197 585
226 3119 357 3216 Αὐτάρ
385 3120 505 3215 ἐπειδὴ
529 3124 630 3204 τεῦξε
654 3120 768 3195 καλὸν
792 3120 907 3195 κακὸν
934 3117 1018 3195 ἀντ’
1044 3117 1223 3219 ἀγαθοῖο,

168 3237 322 3340 ἐξάγαγ’
351 3240 445 3313 ἔνθα
471 3267 537 3335 περ
565 3237 667 3310 ἄλλοι
693 3241 783 3313 ἕσαν
807 3237 893 3310 θεοὶ
918 3234 981 3331 ἠδ’
1009 3234 1207 3329 ἄνθρωποι

170 3357 299 3454 κόσμῳ
326 3355 580 3457 ἀγαλλομένην
600 3355 859 3460 γλαυκώπιδος
885 3349 1201 3452 ἀμβριμοπάτρης.

172 3481 307 3571 θαῦμα
321 3474 346 3547 δ
348 3474 359 3499 ³
371 3475 425 3568 ἔχ’
441 3473 656 3558 ἀθανάτους
669 3505 707 3548 τε
715 3476 829 3558 θεοὺς
841 3471 1006 3568 θνητούς
1018 3471 1054 3544 τ’
1065 3469 1302 3569 ἀνθρώπους,

171 3594 221 3677 αῖς
247 3592 348 3668 εἶδον
372 3591 486 3668 δόλον
509 3593 637 3683 αλπδν,
660 3592 854 3691 ἀμήχανον
880 3587 1147 3687 ἀνθρώποισιν.

104 3724 159 3776 590
173 3711 206 3772 ἐκ
227 3713 281 3788 τῆς
299 3708 358 3787 γὰρ
378 3707 463 3788 γένος
483 3707 547 3770 ἐστὶ
566 3711 718 3786 γυναικῶν
737 3705 950 3786 θηλυτεράων.

172 3813 236 3900 τῆς
261 3802 335 3905 γάρ
362 3802 495 3880 ὀλώιόν
519 3806 595 3877 ε’στι
618 3804 724 3904 γένος
749 3803 812 3877 καὶ
837 3811 939 3902 φῦλα
964 3808 1168 3903 γυναικοῖν,

175 3933 279 4021 πῆμα
303 3921 406 4022 μέγ’,
435 3926 474 3995 αἳ
498 3925 669 4018 θνητοῖσι
694 3922 780 4019 μετ’
808 3919 967 4019 ἀνδράσι
993 3919 1239 4011 ναιετάουσιν,

173 4042 372 4137 οὐλομένης
397 4041 520 4134 πενίης
545 4043 590 4115 οά
615 4040 818 4140 σύμφοροι,
846 4039 936 4113 ἀλλά
964 4037 1100 4135 κόροιο.

174 4263 224 4346 ώς
249 4264 288 4339 δ’
316 4261 420 4336 ὁπότ’
449 4265 489 4336 ἐν
515 4260 690 4360 σμήνεσσι
714 4265 973 4363 κατηρεφέεσσι
997 4266 1162 4360 μέλισσαι

105 4391 340 4481 ευσκηφήνας
364 4380 556 4479 βόσκουσι,
581 4393 708 4459 κακῶν
734 4382 913 4479 ξυνήονας
939 4387 1069 4483 ἔργων,
1218 4383 1219 4386 “

173 4502 213 4572 αἱ
238 4501 307 4595 μέν
332 4530 370 4573 τε
396 4498 547 4598 πρόπαν
572 4496 672 4600 ήμαρ
701 4507 735 4584 ἐς
760 4502 881 4597 ἠέλιον
905 4498 1120 4575 καταδύντα

1084 4621 1109 4673 ‘L
