2880 4950
371 1459 688 1531 ,ΗΣΙΟΔΟΥ
724 1463 1081 1535 ΘΕΟΓΟΝΙΑ,

120 1643 145 1700 Ι.

124 1761 157 1812 ιι
175 1743 375 1820 Μουσάων
396 1746 666 1825 Ἑλικωνιάδων
692 1748 888 1847 ἀρχώμεθ’
919 1751 1068 1839 ἀείδειν,

122 1882 159 1931 ει
177 1861 264 1935 αἵθ’
286 1862 478 1947 Ἑλικῶνος
504 1868 652 1961 ἐχουσιν
676 1870 761 1963 όρος
786 1873 882 1971 μέγα
908 1899 947 1943 τε
974 1867 1113 1959 ζάθεόν
1137 1899 1189 1961 τε,

122 1999 138 2050 3
173 1981 236 2054 καὶ
260 2012 299 2055 τε
325 1982 408 2080 περὶ
431 1982 570 2080 κρήνην
596 1988 729 2061 ἰοειδέα
755 1987 867 2062 πόσσ’
896 1987 1098 2062 ἁπαλοῖσιν.

122 2119 139 2169 ι
176 2100 369 2195 ὀρχεῦνται
395 2101 457 2174 καί
482 2103 617 2199 βωμόν
643 2108 852 2200 ἐρισθενέος
878 2105 1107 2202 Κρονίωνος·

122 2238 157 2289 νν
176 2222 219 2290 αἵ
240 2217 287 2292 νό
313 2219 408 2291 ποθ’
432 2219 610 2294 Ἡσίοδον
633 2222 750 2316 καλὴν
775 2223 950 2307 ἐδίδαξαν
977 2221 1110 2316 ἀοιδὴν

174 2337 289 2432 ἄρνας
315 2337 559 2432 ποιμαίνονθ’
581 2339 772 2422 Ἑλικῶνος
799 2339 871 2413 ὑπὸ
900 2339 1061 2430 ζαθέοιο.
1139 2415 1141 2419 ,
1257 2439 1260 2444 ¹

174 2455 283 2530 τόνδε
309 2455 355 2529 δέ
374 2485 421 2550 με
445 2455 634 2552 πρώτιστα
661 2457 749 2531 θεαὶ
773 2459 865 2555 πρὸς
889 2462 1020 2554 μῦθον
1046 2460 1175 2533 ἐειπον·

122 2593 156 2642 25
175 2574 319 2638 Μοῦσαι
336 2568 574 2656 Ὀλυμπιάδες,
597 2578 716 2664 κοῦραι
737 2575 825 2655 Διός
847 2571 1024 2662 αἰγιόχοιο·
1256 2655 1258 2659 y

273 2677 440 2771 ποιμένες
466 2677 657 2778 όίγραυλοι,
684 2677 769 2752 κάκ’
797 2679 956 2780 ἐλέγχεα,
982 2679 1155 2780 γαστέρες
1182 2682 1273 2773 οἷον,

174 2791 283 2886 ἴδμεν
308 2791 450 2887 ηιεόδεα
476 2795 592 2866 πολλὰ
620 2796 736 2896 λέγειν
762 2795 952 2891 ἐτύμοισιν
978 2798 1109 2890 ὁμοῖα·

174 2909 282 3004 ἴδμεν
308 2908 360 2998 δ’,
389 2905 467 2982 εὖτ’
493 2911 693 3006 ἐθέλωμεν,
722 2913 865 3007 ἀληθέα
890 2912 1154 3009 μυθήσασθαι.

264 3028 332 3110 Ὣς
359 3031 504 3124 ἔφασαν
528 3037 662 3125 κοῦραι
687 3028 852 3130 μεγάλου
878 3030 968 3112 Διὸς
995 3027 1206 3126 ἀρτιέπειαι,

123 3165 157 3214 30
174 3145 238 3217 καί
262 3174 326 3240 μοι
353 3154 538 3242 σκῆπτρον
564 3146 650 3221 ἐδον
676 3144 821 3242 δάφνης
846 3146 1034 3245 ἐριθηλέος
1060 3146 1148 3234 όζον

173 3263 401 3361 δρέψασθαι,
428 3262 590 3359 θηητόν·
620 3265 841 3338 ἐνέπνευσαν
867 3263 912 3337 δέ
933 3292 998 3359 μοι
1025 3262 1146 3359 αὐδήν

173 3381 321 3469 θέσπιν,
345 3385 409 3455 ἵνα
433 3382 589 3476 κλείοιμι
613 3380 662 3455 τά
687 3382 723 3454 τ’
751 3380 933 3476 ἐσσόμενα
959 3380 1031 3476 πρό
1056 3381 1093 3455 τ’
1121 3379 1245 3473 ἐόντα,

174 3497 237 3572 καὶ
262 3497 308 3593 μ’
336 3498 507 3570 ἐκέλονθ’
534 3498 666 3590 ὑμνεῖν
691 3503 873 3595 μακάρων
898 3499 1003 3599 γένος
1029 3497 1108 3570 αέἐν
1133 3498 1282 3589 ἐόντων,

176 3626 273 3714 σφᾶς
299 3615 337 3689 δ’
367 3613 483 3697 αότάς
508 3613 657 3710 πρῶτόν
681 3644 720 3687 τε
746 3617 809 3689 καὶ
834 3617 989 3710 ὕστερον
1016 3613 1095 3689 αἶέν
1121 3614 1267 3691 ἀείδειν.
1319 3705 1321 3711 ,

125 3753 158 3804 35
178 3733 270 3806 ἀλλά
297 3732 355 3826 τίη
382 3762 446 3825 μοι
472 3741 591 3807 ταῦτα
618 3732 700 3828 περὶ
725 3733 821 3828 δρῦν
845 3732 867 3829 ἢ
894 3731 976 3830 περὶ
1001 3734 1154 3828 πέτρην,·

128 3994 159 4045 1ο
178 3968 352 4038 Μουσάων
370 3966 617 4040 Ἑλικωνιάδων
639 3967 815 4058 ἀρχώμεθ’
841 3967 976 4050 ἀείδειν,

128 4098 160 4148 νιι
180 4071 258 4142 αἵθ’
277 4069 463 4152 Ἑλικῶνος
485 4071 614 4154 ἔχουσιν
637 4068 716 4161 όρος
737 4073 823 4160 μέγα
844 4097 881 4138 τε
905 4068 1031 4155 ζάθεόν
1053 4098 1098 4152 τε,

129 4204 144 4250 5
180 4175 237 4243 καί
257 4200 293 4242 τε
316 4172 541 4258 λοεσσάμεναι
561 4176 678 4260 τέρενα
698 4174 782 4262 χρόα
802 4182 995 4262 Περμηοοῖο

182 4275 345 4364 ἢἽππου
367 4275 485 4366 κρήνης
508 4270 705 4365 ’ήὉλμειοῦ
727 4278 870 4359 ζαθέοιο

183 4375 355 4466 ἀκροτάτῳ
373 4374 529 4445 Ἑλικῶνι
548 4377 667 4463 χοροὺς
689 4376 940 4467 ἐνεποιήσαντο,

183 4480 304 4558 καλοὺς
326 4477 532 4566 ἱμερόεντας,
556 4473 789 4567 ἐπερρώσαντο
812 4480 850 4546 δέ
871 4475 1004 4545 ποσσίν.

1119 4583 1141 4633 K
