2880 4950
619 231 832 296 ..11„.

198 395 335 472 Πειθώ
360 399 397 472 τ’
417 397 576 497 Ἀδμήτη
598 431 649 491 τε,
671 400 800 506 Ἰάνθη
825 399 862 474 ’τ’
886 402 1061 499 Ἠλέκτρη
1086 433 1153 492 τε,

134 533 185 585 35⁰
199 515 321 614 Δωρίς
346 547 385 590 τε
410 516 585 616 Πρυμνώ
609 549 648 592 τε
673 519 736 592 καὶ
764 520 929 617 Οὐρανίη
954 521 1133 615 θεοειδὴς,

190 635 302 710 Ἱππώ
327 664 365 708 τε
389 639 564 734 Κλυμένη
589 666 640 727 τε,
662 636 816 726 Ῥόδειά
831 667 870 711 τε
895 637 1081 737 ’Καλλιρόη
1107 669 1158 730 τε,

194 753 321 839 Ζευξώ
346 785 385 828 τε
411 755 552 850 ’Κλυτίη
580 783 630 845 τε,
652 755 767 831 Ἰδυῖά
792 785 832 829 τε
857 756 1039 852 Πασιθόη
1064 786 1115 847 τε,

192 871 394 971 Πληξαύρη
420 903 459 946 τε
484 873 704 972 Γαλαξαύρη
728 875 764 947 τ“
792 874 904 973 ἐρατή
928 903 967 947 τε
993 872 1131 970 Διώνη,

192 989 413 1088 Μηλόβοσίς
438 1021 476 1065 τε
505 991 583 1088 θόη
604 1022 643 1066 τε
668 992 731 1066 καὶ
757 993 898 1089 εὐειδὴς
918 991 1144 1091 Πολυδώρη,

132 1126 183 1179 355
197 1108 350 1208 Κερκηίς
376 1139 414 1183 τε
440 1109 542 1208 φυὴν
568 1111 678 1207 ἐρατὴ
704 1107 869 1185 Πλουτώ
895 1140 935 1183 τε
959 1113 1113 1207 βοῶπις,

194 1227 359 1325 Περσηίς
383 1227 418 1301 τ’
443 1225 599 1326 Ἰάνειρά
623 1229 660 1302 τ’
681 1226 834 1323 Ἀκάστη
859 1257 898 1301 τε
923 1226 1054 1324 Ξάνθη
1080 1259 1131 1320 τε,

195 1345 364 1445 Πετραίη
389 1345 426 1418 τ’
453 1343 604 1444 ἐρόεσσα
632 1332 815 1422 Μενεστώ
840 1346 875 1419 τ’
904 1344 1065 1445 Εὐρώπη
1091 1377 1142 1438 τε,

192 1463 318 1559 Μῆτίς
343 1464 379 1538 τ’
404 1463 604 1563 Εὐρυνόμη
624 1494 668 1539 τε
699 1464 863 1539 Τελεστώ
888 1493 927 1538 τε
951 1464 1207 1563 κροκόπεπλος,

192 1582 358 1680 Χρυσηίς
383 1583 420 1657 τ’
438 1582 538 1679 Ἀσίη
562 1612 601 1656 τε
627 1583 690 1657 καὶ
713 1580 909 1682 ἱμερόεσσα
934 1581 1118 1683 Καλυψώ,

130 1717 181 1770 360
195 1700 355 1799 Εὐδώρη
380 1731 419 1775 τε
449 1700 550 1796 Τύχη
576 1730 615 1774 τε
640 1701 703 1775 καὶ
724 1701 888 1799 Ἀμφιρώ
912 1700 1070 1800 Ὠκυρόη
1095 1732 1146 1792 τε,

192 1809 260 1891 καὶ
279 1819 396 1910 Στύξ,
421 1820 443 1915 ἢ
471 1818 517 1915 δὴ
544 1820 670 1917 σφέων
695 1817 971 1917 προφερεστάτη
995 1821 1095 1897 ἐστὶν
1120 1821 1302 1897 ἁπασέων.

197 1927 297 2004 αὗται
318 1932 354 2003 δ’
374 1932 533 2004 Ὠκεανοῦ
555 1937 612 2005 καὶ
638 1933 775 2024 Τηθύος
798 1933 983 2024 ἐξεγένοντο

196 2035 423 2128 πρεσβύταται
445 2042 575 2129 κοῦραι.
600 2037 729 2106 πολλαί
748 2064 786 2127 γε
806 2039 868 2122 μὲν
889 2036 957 2107 εέσι
978 2039 1035 2107 καὶ
1056 2032 1174 2108 όλλαι·

194 2143 264 2230 τρὶς
285 2141 347 2229 γάρ
368 2135 477 2222 χίλιαί
499 2138 565 2209 εἰσι
586 2137 793 2230 τανύσφυροι
812 2137 1006 2221 Ὠκεανῖναι,

130 2263 180 2314 365
194 2243 233 2310 αῖ
251 2248 294 2330 ῥα
316 2243 545 2331 πολυσπερέες
566 2248 663 2331 γαῖαν
684 2245 742 2311 καὶ
763 2243 892 2327 βένθεα
915 2241 1030 2328 λίμνης

194 2342 304 2434 πάντῃ
328 2340 419 2429 ὁμῶς
441 2344 620 2432 ἐφέπουσι,
642 2343 759 2412 θεάιον
782 2341 891 2432 ἀγλαά
914 2346 1028 2413 τέκνα·

192 2444 312 2516 τόσσοι
335 2444 368 2515 δ’
393 2441 479 2514 αὖθ’
504 2445 613 2535 ἐτεροι
634 2449 784 2534 ποταμοί
803 2445 971 2534 καναχηδὰ
994 2447 1132 2534 ῥέοντες,

191 2546 279 2630 υἱέες
296 2546 465 2631 Ὠκεανοῦ,
488 2550 566 2630 τοῦς
589 2548 725 2639 γείνατο
742 2547 866 2619 πότνια
892 2544 1018 2638 Τηθύς.
1200 2638 1204 2643 Ι

184 2655 259 2729 Ιταῖν
282 2647 381 2738 ῦνογι)
406 2650 570 2742 ἀργαλέον
592 2649 727 2721 πάντων
747 2652 869 2742 βροτόν
891 2646 996 2736 άνδρα
1017 2650 1174 2734 ἐνισπεῖν,

130 2773 181 2826 370
194 2752 227 2822 ολ
248 2755 287 2823 δέ
309 2755 444 2823 ἕκαστοι
463 2753 587 2838 ἰ’σασιν,
611 2753 687 2825 ὅσοι
709 2751 995 2843 περιναιετάουσι.

116 2913 180 2969 vn.
888 2937 891 2942 <

245 2985 330 3060 Θεία
358 2986 383 3061 δ
387 2986 398 3011 ³
421 2985 567 3062 Ἠέλιόν
591 3017 630 3061 τε
655 2988 775 3090 μέγαν
801 2984 976 3083 λαμπράν
1001 3014 1039 3060 τε
1064 2985 1234 3086 Σελήνην

186 3106 266 3177 Ἠοῖ
291 3106 351 3196 θ’,
378 3107 400 3202 ἢ
427 3105 628 3182 πάντεσσιν
654 3105 897 3202 ἐπιχθονίοισι
924 3105 1064 3204 φαείνει

193 3222 397 3308 ὐθανάτοις
423 3255 462 3298 τε
489 3229 609 3299 θεοῖσι
635 3224 693 3298 τοὶ
719 3225 882 3321 οὐρανόν
907 3224 1021 3319 εὐρύν
1044 3226 1179 3317 έχουσι,

190 3342 342 3443 γείναθ’
370 3343 622 3442 ὐποδμηθεῖδ
644 3343 848 3441 Ὑπερίονος
874 3346 915 3418 ἐν
941 3339 1119 3440 φιλότητι,

129 3482 179 3532 375
243 3463 365 3560 Κρείῳ
392 3461 429 3537 δ’
459 3462 627 3560 Εὐρυβίη
652 3463 754 3538 τέκεν
778 3465 819 3537 ἐν
844 3459 1010 3560 φιλότητι
1035 3467 1182 3561 μιγεῖσα

185 3578 377 3678 Ἀστραῖόν
399 3607 438 3653 τε
462 3582 582 3682 μέγαν
607 3578 813 3656 Πάλλαντά
838 3609 876 3653 τε
902 3580 966 3653 δῖα
993 3576 1135 3672 θεάων,

193 3699 343 3794 Πέρσην
367 3699 412 3772 θ’
441 3700 481 3782 ῦς
506 3697 643 3792 πάσῃσι
668 3698 891 3796 μετέπρεπεν
915 3695 1168 3793 ἰδμοσύνῃσιν.

237 3816 415 3912 Ἀστραίῳ
441 3819 479 3892 δ’
504 3816 604 3901 Ἠώς
631 3817 789 3914 ἀνέμους
814 3817 892 3891 τέκε
916 3815 1233 3914 καρτεροθύμους,

195 3935 377 4036 άργέστην
401 3937 575 4034 Ζέφυρον
600 3936 744 4034 Βορέην
768 3936 804 4008 τ’
833 3935 1150 4034 αἰψηροκέλευθον

129 4075 181 4127 380
195 4054 258 4128 καὶ
282 4051 416 4142 Νότον,
443 4056 483 4127 ἐν
507 4053 672 4152 φιλότητι
699 4054 772 4129 θεὰ
800 4058 879 4151 θεῷ
905 4055 1114 4148 εὐνηθεῖσα.

194 4171 281 4254 τούς
304 4172 345 4247 δε
370 4171 454 4268 μέτ’
482 4171 618 4270 άστέρα
643 4175 763 4249 τίκτεν
783 4170 1217 4276 ἙωςφόρονἭριγένεια

194 4294 312 4388 άστρα
335 4321 373 4365 τε
401 4290 665 4389 λαμπετόωντα
691 4291 775 4367 τότ’
801 4291 959 4390 οὐρανὸς
985 4290 1246 4392 ἐστεφάνωται.

244 4409 350 4494 Στύξ
372 4409 396 4499 δ
400 4411 410 4435 ’
436 4411 525 4485 ἔτεκ’
550 4410 728 4485 Ὠκεανοῦ
752 4410 925 4514 θυγατὴρ
951 4411 1144 4486 Πάλλαντι
1169 4418 1316 4515 μιγεῖσα

194 4536 316 4624 Ζῆλον
340 4530 402 4604 καὶ
428 4530 545 4626 Νίκην
568 4529 820 4627 καλλίσφυρον
846 4535 885 4605 ἐν
911 4528 1116 4630 μεγάροισι,
