2880 4950
610 237 824 299 ..9-

187 399 220 460 ἒκ
238 404 360 480 γενετῆς
378 399 497 472 πολιός,
518 401 576 472 τιλς
595 399 633 480 δῆ
655 400 774 480 Γραίας
794 400 978 497 καλέουσιν

187 487 348 553 ἀθάνατοί
363 516 395 554 τε
415 493 484 554 θεοὶ
500 516 557 571 χαγ
558 516 602 552 ιαι
594 489 706 571 ίρχόμ
706 492 782 554 ιενοί
798 515 815 552 τ
819 462 1027 571 ’ἀνθρώποα
1132 502 1135 509 ’

134 663 136 667 ,
185 585 438 686 Πεφρηδώ’
402 620 423 661 τ
466 588 644 662 εῦπεπλον
667 585 784 663 Ενυώ
811 615 849 660 τε
873 584 1136 685 κροκόπεπλον,

164 703 352 806 Γοργούς
377 706 422 780 θ’
450 711 489 780 αἳ
513 706 660 781 ναίουσι
686 707 800 811 πέρην
824 704 1189 795 κλυτοῦὨκεανοῖο,

122 842 173 892 275
188 828 336 918 ἐσχατιῇ
360 824 460 923 πρὸς
476 825 632 915 Νυκτός,
659 824 710 899 ἵν’
734 822 939 921 Ἑσπερίδες
965 821 1181 924 λιγύφωνοι,

97 939 100 943 ’
186 941 342 1018 Σθεινώ
365 945 401 1018 τ’
429 942 602 1041 Εὐρυάλη
629 973 667 1017 τε
693 940 878 1017 Μέδουσά
905 972 944 1015 τε
970 942 1087 1043 λυγρά
1115 946 1303 1045 παθοῦσα.

188 1108 208 1198 ῆ
231 1114 291 1195 μέν
314 1109 369 1199 ἔην
390 1108 508 1200 θνητή,
532 1110 567 1181 αῖ
590 1109 622 1180 δ’
648 1109 822 1179 ἀθάναται
844 1109 900 1178 καὶ
921 1106 1043 1199 ἀγήρω,

189 1210 226 1280 αῖ
246 1211 323 1281 δύο·
346 1217 388 1302 τῆ
411 1215 448 1282 δὲ
468 1218 531 1302 μιῆ
553 1215 760 1302 παρελέξατο
782 1212 1012 1300 Κυανοχαίτης

191 1315 225 1382 έν
246 1319 386 1405 μαλακῷ
408 1317 548 1400 λειμῶνι
569 1318 625 1384 καὶ
647 1311 788 1384 ἀνθεσιν
810 1313 997 1404 εἰαρινοῖσι.

125 1435 177 1490 280
188 1423 248 1507 τῆς
270 1415 365 1487 δ’ότε
386 1420 427 1509 δῆ
451 1419 772 1511 Περσεῦςκεφαλῆν
794 1414 1108 1508 ἀπεδειροτόμησεν,

190 1517 314 1607 έκθορε
335 1518 502 1612 Χρυσάωρ
524 1547 561 1589 τε
581 1522 687 1610 μέγας
707 1521 765 1587 καί
785 1516 947 1609 Πήγασος
966 1519 1085 1604 λ’ππος.
1131 1527 1134 1532 ’

187 1626 233 1704 τῷ
251 1625 307 1700 μὲν
327 1621 488 1702 ἐπώνυμον
507 1614 554 1702 ῆν,
575 1617 624 1684 ὅτ’
647 1617 700 1697 ἀρ’
720 1618 868 1682 Ὠκεανοῦ
888 1622 956 1704 περὶ
977 1625 1077 1703 πηγὰς

187 1712 286 1795 γένθ’,
306 1715 322 1778 ὅ
344 1715 376 1778 δ’
399 1713 457 1796 ἀορ
472 1711 620 1829 χρύσειον
640 1714 706 1792 έχεν
723 1714 806 1791 μετὰ
819 1715 908 1791 χερσί
929 1715 1046 1796 φίλῃσι.

189 1804 237 1938 χώ
258 1810 319 1890 μεν
341 1806 590 1894 ἀποπτάμενος,
614 1806 793 1897 προλιπών
812 1804 922 1891 χθόνα
943 1811 1067 1936 μητέρα
1088 1808 1212 1899 μήλων,

128 1932 178 1981 285
190 1908 260 1976 λ’κετ
263 1907 333 1990 ’ἐς
355 1909 558 1991 ἀθανάτους,
583 1909 691 1999 Ζηνός
713 1907 788 1977 6³²
771 1937 806 1978 εν
828 1907 970 2035 δώμασι
983 1911 1080 1992 ναίει,

190 2009 331 2104 βροντήν
352 2040 388 2080 τε
410 2010 575 2139 στεροπήν
597 2037 633 2079 τε
655 2013 767 2133 φέρων
788 2014 883 2098 Διίγ
870 2010 1051 2102 μητιόεντι.

255 2114 423 2202 Χρυσάωρ
446 2114 518 2185 δ’ἱ
504 2119 594 2184 ἐ’τεκε
616 2113 810 2204 τρικάρηνον
832 2120 1017 2204 Γηρυονῆα,

192 2220 328 2302 μιχθεις
349 2216 525 2326 Καλλιρόη
548 2215 651 2307 κοῦρη
672 2220 793 2283 κλυτοῦ
810 2213 993 2286 Ὠκεανοῖο

191 2321 250 2389 τόν
271 2321 332 2402 μέν
354 2315 395 2446 ἀρ
399 2286 601 2408 ’ἐξενάριξε
623 2318 680 2408 βίη
697 2316 899 2442 Ἣρακληειη

128 2425 290 2507 κυοβουσὶ
312 2449 381 2511 παρ
384 2419 629 2491 εἰλιπόδεσσι
651 2418 839 2511 περιρρύτῳ
863 2419 911 2488 εἶν
929 2419 1098 2513 Ἐρυθείῃ,
1164 2428 1166 2433 ’

192 2519 296 2615 ἤματι
317 2529 362 2613 τῷ
385 2523 440 2593 ὅτε
462 2550 526 2613 περ
547 2529 629 2609 ’βοῦς
650 2518 774 2614 ῆλασεν
795 2519 1050 2610 εὐρυμετώπους

198 2623 338 2715 Τίρυνθ’
365 2625 412 2707 εἰς
434 2625 535 2716 ἱερήν,
559 2627 682 2712 διαβάς
703 2624 811 2717 πόρον
829 2623 1010 2706 Ὠκεανοῖο,

182 2722 313 2816 ’Όρθον
332 2753 370 2794 τε
391 2728 521 2809 κτείνας
542 2731 599 2798 καί
619 2727 783 2815 βουκόλον
805 2726 999 2817 Εὐρυτίωνα

194 2835 338 2917 σταθμῷ
359 2831 394 2898 έν
412 2827 563 2919 ἠερόεντι
585 2834 689 2919 πέρην
710 2835 830 2899 κλυτοῦ
848 2829 1030 2898 Ὠκεανοῖο.

130 2952 181 3002 295
275 2928 325 2998 ‘H
344 2930 377 2999 δ’
402 2930 486 3000 ἔτεκ’
513 2928 596 3002 ἀλλο
619 2935 782 3022 πέλωρον,
806 2929 984 3022 ἀμήχανον,
1008 2929 1106 3002 οὐδέν
1128 2935 1238 3018 έοικδς

194 3038 331 3122 θνητοῖς
352 3030 551 3123 ἀνθρώποις
572 3034 646 3106 οὐδ’
673 3032 880 3104 ἀθανάτοισι
901 3041 1026 3115 θεοῖσι,

127 3218 133 3227 ¹
197 3139 283 3222 σπῆι
303 3136 351 3203 ἐνὶ
373 3141 541 3227 γλαφυρῷ,
564 3138 663 3227 θείην
684 3135 923 3228 κρατερόφρον’
938 3132 1104 3221 Ἔχιδναν,

194 3235 298 3324 ἥμισυ
319 3240 379 3322 μέν
402 3237 532 3330 νῦμφην
554 3239 741 3311 ἑλικώπιδα
762 3234 1003 3329 καλλιπάρῃον,
1064 3322 1066 3327 Α

194 3339 297 3430 ἥμισυ
320 3338 352 3409 δ’
377 3335 456 3410 αὖτε
479 3345 631 3433 πέλωρον
654 3338 735 3432 όφιν
757 3339 868 3410 δεινόν
888 3367 924 3408 τε
945 3341 1050 3430 μέγαν
1070 3370 1116 3411 τε.

131 3453 182 3504 300
196 3440 335 3501 ποίκιλον
354 3440 510 3524 ὠμηστὴν,
532 3446 645 3524 ζαθέης
664 3443 723 3506 ὑπὸ
743 3441 867 3505 κιόθεσι
886 3442 984 3522 γαίης.

194 3531 274 3594 ενθα
295 3532 378 3592 δέι
349 3557 378 3594 οι
399 3535 491 3607 σπέος
510 3538 575 3598 ἐστὶ
595 3534 680 3598 κάτω
701 3533 823 3619 κοίλη(
808 3561 867 3597 οπο
857 3535 1041 3648 πέτρη

198 3717 271 3788 ἔνθ’
296 3715 416 3809 ἀραί
385 3749 418 3790 οι
440 3718 606 3791 δάσσαντο
629 3723 709 3789 θεοὶ
731 3722 832 3790 κλυτά
855 3714 994 3805 δώματα
1016 3721 1132 3791 ναίειν.

198 3817 218 3908 ῆ
243 3817 277 3887 δ’
303 3819 392 3909 ἔρυτ’
417 3823 466 3892 εἰν
482 3821 707 3914 Αρίμοισιν
690 3825 759 3892 υπὸ
779 3821 890 3907 χθόνα
914 3825 1013 3914 λυγρῆ
1026 3819 1174 3909 Ἔχιδνα,

133 3947 184 3998 305
198 3919 373 4005 ἀθάνατος
395 3921 504 4016 νύμφη
526 3928 581 3995 καὶ
605 3922 752 4015 ἀγήραος
773 3920 885 4015 ῆματα
907 3925 1029 3995 πάντα.
1216 3940 1219 3944 ’

265 4029 315 4116 Τῇ
338 4027 375 4094 δέ
402 4024 562 4115 Τυφάονά
585 4055 671 4120 φασι
691 4026 874 4119 μεγῆμεναι
896 4031 930 4098 έν
953 4025 1119 4118 φιλότητι,

200 4125 311 4196 δεινόν
333 4125 372 4196 θ’
397 4123 556 4219 ὑβριστήν
577 4129 608 4197 τ’
634 4127 759 4216 ἀνομόν
782 4129 821 4199 θ’
847 4128 1026 4201 ἑλικώπιδι
1048 4129 1169 4224 κοῦρίη·

197 4228 217 4318 ἡ
241 4227 274 4298 δ’
298 4227 532 4319 ὑποκυσαμένη
552 4232 665 4302 τέκετο
688 4231 937 4324 κρατερόφρονα
958 4236 1067 4304 τέκνα.

190 4327 322 4423 ’Όρθον
342 4335 404 4418 μὲν
424 4338 557 4424 πρῶτον
577 4333 657 4404 κόνα
679 4334 809 4424 γείνατο
832 4342 1019 4428 Γηρυονῆι·

136 4455 188 4508 310
201 4431 354 4523 δεύτερον
377 4429 471 4518 αὖτις
493 4435 616 4506 ἔτικτεν
639 4435 807 4526 ἀμήχανον
830 4435 904 4510 οῦτι
926 4440 1065 4528 φατειὸν

201 4538 379 4627 Κέρβερον,
404 4536 570 4629 ὠμηστὴν,
584 4537 704 4610 Ἀίδεω
727 4538 808 4612 κόνα
827 4539 1071 4630 χαλκεόφωνον·
