2880 4950
612 183 823 246 ..2ss-

196 352 388 451 ἀνδράσιν,
416 356 451 424 οἳ
476 351 613 443 κείνῃσι
640 350 896 426 συνάντωνται
921 351 1016 423 κατὰ
1043 348 1191 424 πόντον.

198 475 237 546 αἱ
263 472 288 546 δ
292 470 303 496 ³
332 467 382 544 αὐ
405 469 468 546 καί
492 469 585 542 κατὰ
611 474 726 569 γαῖαν
747 468 946 567 ἀπείριτον,
974 465 1246 563 ἀνθεμόεσσαν,

197 591 274 692 ἔργ’
302 571 414 686 ε’ρατά
442 587 641 687 φθείρουσι
663 587 920 688 χαμαιγενέων
943 584 1172 684 ἀνθρώπων,

119 728 186 805 7εει
199 714 420 802 πιμπλεῦσαι
445 704 567 789 κόνιός
592 733 631 779 τε
656 705 719 779 καὶ
743 705 925 806 ἀργαλέου
950 711 1188 803 κολοσυρτοῦ.

120 1051 196 1110 XIV.

248 1137 370 1228 Αὐτὰρ
394 1140 471 1210 ἐπεί
492 1145 534 1227 ῥα
556 1136 663 1206 πόνον
683 1134 830 1224 μάκαρες
851 1139 931 1205 θεοὶ
954 1135 1176 1219 ἐξετέλεσσαν,

203 1239 380 1331 Τιτήνεσσι
401 1242 439 1310 δὲ
460 1237 589 1325 τιμάων
611 1237 762 1326 κρίναντο
783 1234 895 1327 βίῃφι,

200 1343 240 1434 δή
264 1328 318 1432 ῥα
329 1338 399 1410 τότ’
425 1337 569 1430 ἀίτρονον
589 1341 809 1426 βασιλευέμεν
829 1337 891 1428 ήδὲ
914 1336 1071 1410 ἀνάσσειν

199 1444 303 1533 Γαίης
326 1441 599 1534 φραδμοσύνῃσιν
619 1439 803 1524 Ὀλύμπιον
825 1439 976 1530 εὐρύοπα
1000 1448 1070 1532 Ζήν

136 1572 186 1622 885
200 1543 397 1616 ἀθανάτων·
424 1543 441 1613 ὁ
466 1547 503 1613 δὲ
525 1549 632 1611 τοῖσιν
654 1541 692 1610 έύ·
714 1538 917 1612 διεδάσσατο
939 1543 1049 1629 τιμάς.
1164 1631 1165 1636 ¹

245 1653 340 1732 Ζεὺς
366 1648 407 1723 δὲ
430 1654 533 1724 θεῶν
553 1647 727 1745 βασιλεὺς
753 1644 903 1742 πριότην
928 1647 1063 1759 ἄλοχον
1077 1651 1167 1725 θέτο
1181 1661 1322 1748 Μῆτιν,

197 1776 348 1844 πλεῖστα
368 1770 472 1840 θεοῖν
497 1766 640 1840 εἰδυῖαν
664 1763 718 1837 ῖδὲ
741 1767 895 1856 θνητῶν
920 1764 1145 1862 ἀνθρώπων.

201 1883 280 1954 ἀλλ’
304 1882 361 1951 ὅτε
383 1879 424 1970 δή
448 1879 482 1968 ῥ’
507 1877 629 1971 ἤμελλε
652 1881 740 1947 θεὰν
761 1882 955 1968 γλαυκῶπιν
970 1877 1118 1972 Ἀθήνην

197 1989 367 2067 τέξεσθαι,
389 1981 463 2051 τότ’
487 1982 605 2051 ἔπειτα
629 1979 719 2070 δόλφ
743 1985 866 2071 φρένας
889 1981 1103 2072 ἐξαπατήσας

135 2112 186 2163 890
199 2085 385 2172 αἱμυλίοισι
407 2080 558 2171 λόγοισιν
581 2081 845 2172 ἓήνέγκάτθετο
867 2084 975 2173 νηδύν,

196 2188 300 2277 Γαίης
322 2183 578 2276 φραδμοσύνῃσι
600 2186 657 2253 καί
682 2182 834 2274 Οὐρανοῦ
857 2183 1087 2275 ἀστερόεντος·

196 2292 261 2370 τιύς
283 2287 345 2377 γάρ
368 2285 401 2356 οῖ
423 2286 604 2378 φρασάτην,
627 2287 683 2354 ῖνα
704 2288 749 2376 μή
776 2287 959 2376 βασιληίδα
980 2292 1079 2378 τιμήν

197 2388 298 2471 ὐίλλος
321 2388 376 2478 ἔχῃ
399 2390 486 2469 Διὸς
508 2386 581 2456 ἀντὶ
603 2394 695 2456 θεῶν
718 2387 960 2477 αἰειγενετάων.

194 2499 233 2569 ἐκ
256 2493 330 2594 γάρ
356 2501 419 2587 τῆς
445 2497 596 2590 εἵμαρτο
623 2492 830 2590 περίφρονα
855 2495 965 2569 τέκνα
991 2496 1185 2596 γενέσθαι’

93 2617 96 2625 ’
133 2633 182 2684 τοι
196 2609 347 2709 πρώτην
370 2608 440 2704 μὲν
463 2608 602 2708 κούρην
626 2608 870 2710 γλαυκώπιδα
899 2615 1155 2715 Τριτογένειαν

193 2733 275 2805 ἶσον
300 2731 459 2824 ἔχουσαν
482 2729 595 2826 πατρὶ
618 2729 727 2824 μένος
751 2727 815 2802 καὶ
840 2729 1021 2828 ἐπίφρονα
1046 2732 1202 2831 βουλήν,

196 2847 315 2945 αύτάρ
340 2846 452 2921 ἔπειτ’
482 2845 554 2943 ἀρα
579 2846 696 2920 παῖδα
721 2850 825 2921 θεαῖν
849 2850 1010 2944 βασιλῆα
1036 2850 1099 2923 καί
1124 2851 1274 2951 ἀνδρῶν

194 2968 346 3061 ἤμελλεν
371 2965 552 3051 τέξεσθαι,
578 2963 758 3060 ὑπέρβιον
782 2961 871 3061 ἦτορ
898 2967 1039 3060 ἔχοντα.

196 3083 278 3157 ἀλλ’
307 3082 380 3178 ἀρα
406 3109 472 3176 μιν
494 3080 589 3161 Ζεὺς
613 3078 782 3175 πρόσθεν
807 3081 871 3176 ἑὴν
895 3083 1097 3184 ἐγκάτθετο
1120 3085 1250 3179 νηδύν,

132 3223 182 3274 σοι
197 3202 247 3286 ὠς
273 3199 319 3295 δή
345 3201 380 3273 οἱ
406 3195 613 3297 φράσσαιτο
639 3199 712 3271 θεὰ
740 3199 891 3299 ἀγαθόν
915 3231 954 3275 τε
978 3200 1094 3277 κακόν
1118 3230 1167 3276 τε.

244 3317 426 3415 Δεύτερον
445 3314 602 3417 ἠγάγετο
629 3317 786 3413 λιπαρὴν
814 3319 938 3413 Θέμιν,
964 3320 987 3414 ἢ
1013 3320 1115 3394 τέκεν
1130 3319 1261 3416 Ὥρας,

193 3435 384 3532 Εὐνομίην
408 3463 447 3507 τε
472 3433 589 3526 Δίκην
614 3460 653 3505 τε
679 3433 741 3506 καί
766 3433 927 3532 Εἰρήνην
950 3441 1168 3532 τεθαλυῖαν,

194 3554 270 3630 αἵτ’
298 3551 374 3654 ἔργ’
403 3549 583 3649 ὠρεύουσι
606 3556 875 3649 καταθνητοῖσι
899 3558 1085 3653 βροτοῖσι·

192 3672 343 3770 Μοίρας
368 3670 427 3760 θ’,
454 3663 495 3763 ᾗς
520 3669 692 3764 πλείστην
715 3671 826 3767 τιμήν
850 3671 938 3770 πόρε
962 3671 1116 3767 μητίετα
1141 3673 1248 3764 Ζεύς,

132 3812 181 3862 οοε
196 3787 348 3866 Κλωθώ
373 3815 412 3861 τε
437 3785 605 3881 Λάχεσίν
628 3817 666 3860 τε
692 3790 756 3862 καὶ
772 3791 965 3888 Ἄτροπον,
993 3791 1071 3862 αίτε
1097 3789 1245 3867 διδοῦσι

193 3912 347 4002 θνητοῖς
371 3903 628 4002 ἀνθρώποισιν
653 3909 746 4003 ἔχειν
773 3905 923 4008 ἀγαθόν
946 3937 985 3980 τε
1008 3905 1125 3982 κακόν
1149 3938 1198 3981 τε.

247 4030 350 4121 Τρεῖς
375 4025 420 4099 δέ
442 4024 478 4097 οἱ
502 4023 702 4121 Εὐρυνόμη
730 4022 897 4120 Χάριτας
921 4026 999 4099 τέκε
1025 4025 1306 4125 καλλιπαρῄους,

188 4143 368 4217 Ὠκεανοῦ
392 4141 506 4239 κούρη
531 4140 764 4239 πολυήρατον
788 4141 883 4224 εἶδος
910 4145 1057 4237 ἔχουσα,

185 4254 355 4362 Ἀγλαΐην
378 4287 417 4332 τε
443 4259 504 4331 καῖ
531 4252 780 4359 Εὐφροσύνην
809 4259 945 4356 Θαλίην
970 4262 1006 4335 τ’
1035 4262 1230 4360 ἐρατεινήν.

132 4385 259 4451 οιοτιῖν
272 4377 337 4444 καί
359 4372 429 4444 ἀπὸ
451 4373 629 4466 βλεφάρων
651 4374 724 4463 ἔρος
745 4375 854 4462 εἴβετο
878 4375 1132 4466 δερκομενάων·
