2880 4950
601 216 814 280 ..15„„

180 382 398 458 ἀντὶλίθου
425 385 482 466 ἑὸς
507 384 587 466 υἱδς
611 384 779 482 ἀνίκητος
801 386 863 460 καὶ
888 386 1024 484 ἀκηδης

117 520 167 571 ιιι
182 500 339 593 λείπεθ’,
366 503 387 575 ὅ
411 532 477 600 μιν
501 500 587 597 τάχ’
615 505 751 597 ἔμελλε,
775 504 842 601 βίῃ
866 505 928 578 καὶ
949 505 1054 604 χερσὶ
1075 506 1285 604 δαμάσσας,

178 629 284 715 τιμής
311 619 474 712 ἐξελάαν,
502 620 521 692 ὑ
550 619 574 694 δ
578 619 589 645 ³
618 625 658 696 ἐν
683 621 930 700 ἀθανάτοισιν
956 622 1113 710 ἀνάξειν.

225 740 477 837 Καρπαλίμως
503 738 528 813 δ
533 739 543 764 ³
564 739 626 836 ἀρ’
653 741 773 814 ἔπειτα
799 742 908 837 μένος
933 734 1001 830 καὶ,
1020 743 1183 843 φαίδιμα
1207 753 1295 849 γυῖα

177 857 304 952 ηὔξετο
325 864 416 931 τοῖο·
432 858 607 941 ἄνακτος·
634 861 886 956 ἐπιπλομένων
911 860 936 935 δ
942 861 953 886 '
981 865 1162 938 ἐνιαυτῶν

175 976 288 1072 Γαίης
315 977 492 1075 ἐννεσίῃσι
515 977 808 1075 πολυφραδέεσσι
834 978 1014 1062 δολωθεὶς
1121 973 1123 976 ⁴

115 1114 165 1164 ιιι
181 1096 225 1169 ὃν
248 1093 362 1195 γόνον
387 1096 445 1194 ἀφ
470 1096 596 1191 ἀνέηκε
622 1096 736 1196 μέγας
760 1095 903 1194 Κρόνος
928 1096 1193 1198 ἀγκυλομήτης·
1233 1081 1235 1084 ⁴

177 1211 313 1288 νικηθείς
330 1209 452 1293 τέχνῃσι
471 1211 566 1294 βίῃφι*
583 1234 615 1274 τε
635 1209 747 1282 παιδὸς
764 1212 836 1272 ἐοῖο·

174 1315 324 1404 πρῶτον
348 1306 373 1380 δ
377 1306 387 1331 ²
414 1304 584 1401 ἐξήμεσσε
611 1307 734 1397 λίθον,
761 1305 934 1403 πύματον
956 1307 1180 1402 καταπίνων.

173 1427 241 1500 τὸν
265 1424 334 1520 μὲν
360 1425 454 1508 Ζεύς
480 1424 623 1524 στήριξε
648 1425 741 1499 κατὰ
765 1424 907 1520 χθονὸς
933 1425 1142 1524 εὐρυοδείης

174 1548 312 1617 Πυθοῖ
335 1547 375 1618 ἐν
398 1544 543 1644 ἠγαθέῃ
568 1541 718 1645 γυάλοις
744 1544 816 1617 ὑπο
842 1551 1073 1640 Παρνησοῖο,

113 1680 163 1731 500
178 1662 265 1757 σῆμ’
294 1664 380 1758 ἔμεν
405 1661 575 1747 ἐξοπίσω,
599 1665 736 1757 θαῦμα
764 1666 938 1757 θνητοῖσι
961 1664 1140 1760 βροτοῖσι

174 1782 271 1846 Λὺσε
294 1779 332 1844 δέ
353 1771 681 1865 πατροκασιγνήτους
704 1773 813 1846 ἀλοιῶν
834 1773 905 1845 ἀπὸ
929 1780 1059 1862 δεσμῶν

179 1875 368 1967 Οὐρανίδας
391 1873 449 1961 οδς
471 1882 553 1967 δήσε
575 1879 686 1967 πατήρ
709 1875 1002 1968 ἀεσιφροσύνῃσιν.

177 1978 213 2045 οἵ
232 1977 264 2046 ολ
287 1978 522 2071 ἀπεμνήσαντο
542 1976 639 2065 χάριν
660 1977 889 2070 εύεργεσιάιον,

176 2085 286 2148 δῶκαν
309 2085 347 2152 δέ
368 2082 508 2172 βροντήν
532 2078 590 2170 ἡδ’
615 2077 824 2158 αἰθαλόεντα
845 2083 1004 2174 κεραυνόν

113 2205 162 2255 505
176 2184 232 2249 καὶ
253 2184 435 2275 στεροπήν·
458 2185 578 2271 τοπρὶν
601 2185 638 2252 δέ
661 2181 796 2273 πελώρη
821 2191 905 2251 Γαῖα
928 2177 1093 2252 κεκεύθει.

174 2293 244 2367 τοῖς
266 2285 405 2367 πίσυνος
427 2292 583 2373 θνητοῖσι
605 2279 668 2352 καῖ
682 2281 910 2354 ἀθανάτοισιν
933 2282 1082 2376 ἀνάσσει.

97 2559 133 2615 Χ.

223 2648 374 2747 Κούρην
399 2648 436 2721 δ’
460 2647 620 2731 Ἰαπετὸς
643 2647 897 2747 καλλίσφυρον
917 2647 1133 2744 Ὠκεανίνην

170 2767 329 2870 ἠγάγετο
355 2768 555 2861 Κλυμένην
577 2765 639 2839 καὶ
666 2767 761 2862 ὑμὸν
786 2767 887 2862 λέχος
913 2769 1166 2862 ελςανέβαινεν.

169 2887 192 2981 ή
219 2886 264 2960 δέ
286 2887 321 2959 οἱ
338 2885 516 2959 Ἄτλαντα
541 2882 820 2982 κρατερόφρονα
845 2885 993 2986 γείνατο
1019 2886 1150 2976 παῖδα,
1250 2906 1253 2910 ’

109 3005 269 3079 ιιοτίκτε
296 3003 335 3077 δ’
363 2999 623 3100 ὑπερκύδαντα
649 3001 853 3078 Μενοίτιον
876 3003 942 3099 ήδέ
966 3005 1194 3101 Προμηθέα,

171 3123 335 3197 ποίκιλον
361 3119 590 3215 αἰολόμητιν,
616 3119 845 3218 ἀμαρτίνοον
869 3121 905 3194 τ’
927 3122 1142 3218 Ἐπιμηθέα.
1188 3147 1190 3150 ·

171 3331 210 3411 ὃς
233 3326 348 3407 κακὸν
374 3329 412 3409 ἐξ
438 3326 551 3423 ἀρχῆς
575 3326 693 3426 γένετ’
722 3324 903 3424 ἀνδράσιν
929 3326 1151 3425 ἀλφηστῇσι·

171 3453 314 3542 πρῶτος
338 3441 411 3545 γάρ
439 3450 484 3538 ῥα
510 3444 598 3525 Διὸς
623 3443 789 3538 πλαστὴν
814 3444 989 3518 ὑπέδεκτο
1015 3453 1189 3545 γυναῖκα,

167 3564 367 3660 παρθένον.
394 3559 577 3658 ὑβριστὴν
602 3560 642 3633 δέ
663 3560 873 3635 ’Μενοίτιον
898 3560 1060 3658 εὑρυόπα
1087 3564 1181 3646 Ζεύς

108 3704 158 3757 ιιι
173 3687 222 3764 εἰς
240 3682 390 3777 Ἔρεβος
415 3679 623 3774 κατέπεμψε
648 3678 780 3775 βαλών
804 3677 976 3776 ψολόεντι
1000 3690 1169 3778 κεραυνῷ

167 3799 272 3876 εἵνεκ’
299 3797 528 3893 ἀτασθαλίης
552 3826 590 3869 τε
614 3796 677 3869 καὶ
701 3798 849 3894 ήνορέης
875 3796 1093 3896 ὑπερόπλου.
1209 3780 1213 3786 .

161 3921 286 3999 Ἄτλας
312 3916 350 3990 δ’
379 3917 541 4013 οὐρανὸν
566 3913 678 4011 εὐρύν
702 3917 772 4009 ἔχει
797 3925 971 4013 κρατερῆς
997 3916 1065 3988 ὑπ’
1093 3916 1267 4020 ἀνάγκης,

165 4034 333 4131 πείρασιν
357 4038 398 4110 ἐν
420 4033 527 4135 γαίης
559 4031 706 4130 πρόπαρ
728 4032 951 4128 Ἑσπερίδων
976 4032 1199 4134 λιγυφιόνων

170 4151 320 4247 ἐστηαίς,
345 4160 485 4250 κεφαλῇ
511 4181 549 4225 τε
575 4151 637 4224 καὶ
666 4147 887 4245 ἀκαμάτοισι
909 4151 1072 4248 χέρεσσι·

105 4291 157 4344 520
170 4269 312 4365 ταύτην
336 4269 408 4371 γάρ
436 4273 471 4343 οἱ
495 4275 633 4365 μοῖραν
657 4267 840 4343 ἐδάσσατο
864 4269 1017 4364 μητίετα
1043 4268 1145 4349 Ζεύς.

144 4397 146 4401 ’
167 4389 254 4484 δῆσε
278 4388 316 4463 δ’
343 4386 607 4479 ἀλυκτοπέδῃσι
632 4387 843 4482 Προμηθέα
867 4385 1148 4481 ποικιλόβουλον

169 4506 317 4601 δεσμοῖς
344 4507 552 4606 ἀργαλέοισι
576 4503 691 4597 μέσον
716 4501 778 4576 διὰ
804 4504 898 4579 κίον’
927 4501 1097 4606 ἐλάσσας,
