2880 4950
645 169 834 232 ..7-

209 327 330 419 ταόιην
352 331 447 414 δίέξ
468 329 569 422 ἀρχῆς
590 334 689 423 τιμήν
710 333 778 418 έχει
800 325 861 424 ήδέ
882 338 1016 430 λέλογχε
1040 385 1057 416 z

207 438 327 522 μοῖραν
349 431 384 502 έν
406 429 625 523 ἀνθρώποισι
647 432 933 508 καίάθανάτοισι
954 438 1080 529 θεοῖσι,

145 536 195 606 καί
208 534 416 625 παρθενίους
436 533 468 602 τ’
494 532 615 626 ὀάρους
635 535 827 627 μειδήματά
849 537 881 608 τ’
905 538 1077 623 ἐξαπάτας
1098 569 1134 610 τε

208 637 330 730 τέρψιν
350 664 385 705 τε
408 640 565 729 γλυκερήν
587 635 751 729 φιλότητά
772 668 808 709 τε
829 641 994 734 μειλιχίην
1015 669 1062 715 τε.

209 794 304 876 Τοδς
331 794 372 871 δέ
396 798 517 894 πατὴρ
548 803 705 892 Τιτῆνας
728 797 915 892 ἐπίκλησιν
939 784 1131 879 καλέεσκεν

202 911 338 995 παῖδας
362 912 537 988 νεικείων
550 916 665 1016 μέγας
693 916 863 1013 Οὐρανὸς
888 912 953 1000 οὓς
978 919 1080 992 τέκεν
1106 917 1228 1002 αὐτός.

205 1028 324 1128 φάσκε
350 1030 392 1105 δὲ
416 1030 647 1116 τιταίνοντας
670 1033 883 1128 ἀτασθαλίῃ
909 1036 1006 1137 μέγα
1031 1037 1128 1134 δέξαι

141 1166 192 1218 21⁰
206 1151 325 1251 ἔργον,
347 1155 427 1223 τοῖο
452 1149 491 1224 δ’
518 1152 640 1226 ἔπειτα
662 1150 760 1228 τίσιν
782 1152 1009 1247 μετόπισθεν
1033 1157 1194 1233 ἔσεσθαι..

126 1404 178 1462 ΙΙΙ.
840 1437 841 1440 =
890 1454 892 1457 ,

201 1498 285 1583 Νὺξ
309 1499 347 1573 δ’
370 1503 465 1575 έτεκε
491 1502 670 1604 στυγερόν
695 1531 734 1576 τε
759 1502 897 1600 Μόρον
922 1504 986 1577 καὶ
999 1490 1117 1600 ἾΚῆρα
1142 1505 1321 1600 μέλαιναν

201 1618 263 1692 καὶ
285 1616 466 1710 Θάνατον,
480 1622 567 1696 ’τέκε
588 1622 628 1697 δ’
642 1621 792 1711 λ’Υπνον,
814 1624 928 1696 ἔτικτε
950 1621 991 1696 δὲ
1009 1631 1130 1721 φῦλον
1145 1621 1331 1720 Ὀνείρων·

203 1729 298 1795 οάτινι
320 1739 506 1813 κοιμηθεῖσα
526 1736 587 1797 θεά
608 1737 672 1798 τέκε
694 1737 762 1809 Νδξ
783 1737 931 1815 ἐρεβεννή.
1350 1734 1351 1737 “

201 1827 374 1926 δεύτερον
396 1828 446 1906 αὗ
473 1839 624 1926 Μῶμον
648 1832 710 1932 καί
731 1832 858 1922 Ὀϊζδν
884 1831 1136 1935 ἀλγινόεσσαν.
1206 1872 1229 1901 2

137 1944 384 2023 ἳΙὸἚσπερίδας
402 1946 451 2020 θ’,
473 1942 522 2018 αἷς
540 1950 624 2025 μῆλα
645 1937 739 2027 πέρην
759 1952 872 2010 κλυτοῦ
887 1944 1044 2009 Ὠκεανοῖο

197 2039 317 2117 χρύσεα
337 2039 416 2100 καλὰ
435 2044 562 2117 μέλουσι
583 2038 718 2119 φέροντά
738 2064 771 2102 τε
793 2039 921 2119 δένδρεα
941 2036 1069 2119 καρπόν.

200 2133 251 2192 καί
271 2131 401 2212 Μοίρας
421 2131 472 2192 καί
492 2133 603 2212 Κῆρας
620 2133 755 2213 ἐγείνατο
776 2134 999 2212 νηλεοποίνους,

201 2225 328 2286 Κλωθώ
348 2248 380 2287 τι
399 2221 544 2302 Λάχεσίν
562 2247 594 2287 τε
615 2226 665 2301 καί
679 2220 840 2302 Ἄτροπον,
861 2226 926 2287 αἵτε
938 2231 1087 2303 Ἰβροτοῖσι

200 2316 397 2398 γεινομένοισι
419 2319 559 2378 διδοῦσιν
578 2316 655 2395 ἔχειν
675 2314 797 2397 ἀγαθάν
817 2340 848 2378 τι
868 2315 962 2377 κακόν
982 2340 1024 2389 τε,

137 2426 189 2477 220
204 2411 239 2472 αί
256 2409 285 2473 τ’
307 2408 481 2490 ἀνδριάντι
501 2413 586 2471 θεῶν
605 2433 637 2470 τε
657 2408 872 2490 παραιβασίας
891 2407 1061 2492 ἔφέπουσαι
1083 2406 1085 2409 ’

201 2504 346 2565 οὐδέποτε
367 2499 494 2582 λήγουσι
514 2502 587 2563 θεαί
607 2505 716 2563 δεινοῖο
732 2499 849 2580 χόλοιο,

199 2596 270 2676 πρίν
289 2593 319 2675 γ’
340 2591 402 2656 ἀπὸ
421 2597 466 2676 τῷ
486 2591 591 2656 δώωσι
611 2594 708 2674 κακήν
728 2591 807 2667 ὄπιν,
828 2587 909 2666 ὅςτις
930 2593 1063 2676 ἁμάρτῃ.

197 2693 294 2766 τίκτε
320 2689 447 2764 δὲκαὶ
472 2691 643 2786 Νέμεσιν,
670 2698 774 2785 πῆμα
800 2695 974 2786 θνητοῖσι
994 2692 1178 2788 βροτοῖσι,

198 2812 280 2894 Νὺξ
305 2806 392 2903 ὀλοή
400 2837 408 2864 ³
435 2808 527 2901 μετὰ
552 2808 621 2903 τὴν
646 2807 690 2882 δ”
706 2808 865 2903 Ἀπάτην
893 2809 971 2896 τέκε
995 2809 1059 2881 καί
1087 2808 1274 2905 Φιλότητα

135 2953 187 3001 κει
201 2926 324 3026 Γῆράς
349 2927 384 3001 τ’
411 2924 625 3020 οὐλόμενον,
651 2925 715 2999 καὶ
733 2927 835 3023 Ἔριν
855 2927 933 3000 τέκε
957 2927 1254 3024 καρτερόθυμον.

247 3041 380 3144 Λάτάρ
399 3045 497 3142 Ἔρις
523 3044 679 3145 στυγερὴ
704 3045 782 3119 τέκε
805 3043 875 3136 μίν
900 3045 1031 3116 Πόνον
1055 3042 1273 3145 ἀλγινόεντα

198 3163 337 3260 Λήθην
360 3192 399 3238 τε
425 3160 552 3257 Λιμόν
577 3189 616 3234 τε
640 3160 704 3235 καὶ
720 3160 847 3261 Ἄλγεα
875 3158 1115 3258 δακρυόεντα,

192 3284 365 3381 Ὑσμίνας
385 3311 424 3354 τε
451 3279 601 3363 Φόνους
625 3308 676 3368 τε,
704 3276 846 3372 Μάχας
871 3277 907 3350 τΦ
929 3277 1214 3375 Ἀνδροκτασίας
1239 3312 1289 3371 τε,

197 3399 330 3480 Νείκεά
355 3432 393 3474 τε
426 3399 566 3475 Ψεόδέα
591 3427 630 3472 τε
654 3395 805 3498 Λόγους
823 3397 1062 3499 Ἀμφιλογίας
1087 3430 1138 3494 τε,

134 3543 186 3597 κιο
201 3518 412 3614 Λυςνομίην
429 3518 536 3611 ’Άτην
558 3546 610 3605 τε,
638 3513 824 3610 συνήθεας
847 3514 1065 3609 ἀλλήλοισιν,
1114 3501 1117 3512 ¹

188 3644 328 3734 Ὅρκον
351 3636 410 3725 θ’,
436 3635 476 3716 ὃς
502 3633 548 3730 δή
576 3639 746 3706 πλεῖστον
772 3632 1008 3726 ἐπιχθονίους
1034 3633 1260 3731 ἀνθρώπους

194 3758 378 3854 πημαίνει,
405 3755 464 3830 ὅτε
486 3753 550 3829 κέν
575 3781 629 3834 τις
654 3750 749 3827 ἑκών
775 3750 946 3848 ἐπίορκον
971 3748 1122 3847 ὀμόσσῃ.

626 3949 826 3960 .-,-...---

121 4004 171 4064 IV.

140 4111 142 4113 ’
201 4092 324 4189 Νηρέα
352 4090 389 4166 δ’
418 4070 584 4188 ἀηεύδεα
609 4084 672 4159 καὶ
699 4083 840 4180 ἀληθέα
865 4084 1014 4186 γείνατο
1040 4082 1200 4176 Πόντος,

198 4208 455 4310 πρεσβύτατον
479 4207 645 4282 παίδων·
673 4203 793 4302 αὐτὰρ
819 4204 988 4278 καλέουσι
1012 4197 1181 4304 γέροντα,
1224 4266 1226 4273 .

135 4351 186 4402 235
201 4331 334 4406 οὕνεκα
360 4327 538 4426 νημερτής
563 4354 602 4399 τε
627 4324 690 4398 καὶ
714 4326 830 4418 ήπιος,
859 4323 946 4398 οὐδὲ
974 4310 1164 4418 θεμίστων

172 4427 363 4546 λήθεται,
390 4448 480 4522 ἀλλά
509 4443 634 4520 δίκαια
659 4443 721 4518 καὶ
746 4446 834 4539 ήπια
861 4441 972 4537 δήνεα
998 4439 1113 4514 οἶδεν·
